timestamp;buyer;seller;symbol;currency;price;quantity
2800;;;ASH_COATED_OSMIUM;XIRECS;9985.0;10
3000;;;INTARIAN_PEPPER_ROOT;XIRECS;10999.0;8
4200;;;INTARIAN_PEPPER_ROOT;XIRECS;10995.0;4
5200;;;ASH_COATED_OSMIUM;XIRECS;10004.0;6
5200;;;ASH_COATED_OSMIUM;XIRECS;9986.0;9
6300;;;INTARIAN_PEPPER_ROOT;XIRECS;11000.0;4
7500;;;ASH_COATED_OSMIUM;XIRECS;10003.0;6
9000;;;ASH_COATED_OSMIUM;XIRECS;10004.0;10
13000;;;ASH_COATED_OSMIUM;XIRECS;10005.0;2
14600;;;ASH_COATED_OSMIUM;XIRECS;10007.0;5
14900;;;ASH_COATED_OSMIUM;XIRECS;10007.0;5
16600;;;ASH_COATED_OSMIUM;XIRECS;9992.0;2
17200;;;ASH_COATED_OSMIUM;XIRECS;9994.0;5
17900;;;INTARIAN_PEPPER_ROOT;XIRECS;11012.0;6
18700;;;ASH_COATED_OSMIUM;XIRECS;9998.0;5
19300;;;ASH_COATED_OSMIUM;XIRECS;10008.0;3
19700;;;INTARIAN_PEPPER_ROOT;XIRECS;11011.0;7
20900;;;ASH_COATED_OSMIUM;XIRECS;9992.0;2
21500;;;ASH_COATED_OSMIUM;XIRECS;10008.0;6
23100;;;ASH_COATED_OSMIUM;XIRECS;10010.0;5
24100;;;INTARIAN_PEPPER_ROOT;XIRECS;11030.0;5
25300;;;ASH_COATED_OSMIUM;XIRECS;10008.0;6
25800;;;INTARIAN_PEPPER_ROOT;XIRECS;11029.0;3
25900;;;ASH_COATED_OSMIUM;XIRECS;10009.0;6
26300;;;ASH_COATED_OSMIUM;XIRECS;10008.0;9
28200;;;INTARIAN_PEPPER_ROOT;XIRECS;11034.0;6
29100;;;INTARIAN_PEPPER_ROOT;XIRECS;11035.0;6
31600;;;INTARIAN_PEPPER_ROOT;XIRECS;11034.0;3
34900;;;INTARIAN_PEPPER_ROOT;XIRECS;11044.0;6
35000;;;INTARIAN_PEPPER_ROOT;XIRECS;11038.0;8
35900;;;ASH_COATED_OSMIUM;XIRECS;9992.0;2
38500;;;INTARIAN_PEPPER_ROOT;XIRECS;11032.0;4
38700;;;INTARIAN_PEPPER_ROOT;XIRECS;11035.0;5
40000;;;INTARIAN_PEPPER_ROOT;XIRECS;11036.0;5
40300;;;INTARIAN_PEPPER_ROOT;XIRECS;11034.0;4
40400;;;INTARIAN_PEPPER_ROOT;XIRECS;11046.0;3
41900;;;INTARIAN_PEPPER_ROOT;XIRECS;11048.0;5
42700;;;INTARIAN_PEPPER_ROOT;XIRECS;11049.0;6
44700;;;ASH_COATED_OSMIUM;XIRECS;10008.0;5
44800;;;INTARIAN_PEPPER_ROOT;XIRECS;11039.0;4
46700;;;ASH_COATED_OSMIUM;XIRECS;9992.0;6
47600;;;ASH_COATED_OSMIUM;XIRECS;9993.0;4
50300;;;ASH_COATED_OSMIUM;XIRECS;10008.0;4
51200;;;ASH_COATED_OSMIUM;XIRECS;10006.0;7
51700;;;ASH_COATED_OSMIUM;XIRECS;10009.0;2
52800;;;ASH_COATED_OSMIUM;XIRECS;9990.0;5
52900;;;INTARIAN_PEPPER_ROOT;XIRECS;11047.0;5
53100;;;INTARIAN_PEPPER_ROOT;XIRECS;11049.0;4
54200;;;ASH_COATED_OSMIUM;XIRECS;10004.0;6
56500;;;ASH_COATED_OSMIUM;XIRECS;10005.0;6
57200;;;ASH_COATED_OSMIUM;XIRECS;10001.0;3
57700;;;ASH_COATED_OSMIUM;XIRECS;9996.0;8
58000;;;ASH_COATED_OSMIUM;XIRECS;10006.0;3
62000;;;ASH_COATED_OSMIUM;XIRECS;9989.0;3
62400;;;ASH_COATED_OSMIUM;XIRECS;9991.0;2
63900;;;INTARIAN_PEPPER_ROOT;XIRECS;11067.0;7
69900;;;ASH_COATED_OSMIUM;XIRECS;9991.0;8
70500;;;INTARIAN_PEPPER_ROOT;XIRECS;11067.0;3
71300;;;ASH_COATED_OSMIUM;XIRECS;10007.0;6
73900;;;INTARIAN_PEPPER_ROOT;XIRECS;11068.0;7
74000;;;ASH_COATED_OSMIUM;XIRECS;9993.0;3
74000;;;INTARIAN_PEPPER_ROOT;XIRECS;11080.0;5
74200;;;ASH_COATED_OSMIUM;XIRECS;9991.0;2
75700;;;ASH_COATED_OSMIUM;XIRECS;10010.0;4
76600;;;ASH_COATED_OSMIUM;XIRECS;10010.0;4
76800;;;INTARIAN_PEPPER_ROOT;XIRECS;11083.0;6
76900;;;ASH_COATED_OSMIUM;XIRECS;10010.0;4
77300;;;ASH_COATED_OSMIUM;XIRECS;9993.0;5
78000;;;ASH_COATED_OSMIUM;XIRECS;10011.0;2
81000;;;INTARIAN_PEPPER_ROOT;XIRECS;11072.0;5
81700;;;INTARIAN_PEPPER_ROOT;XIRECS;11088.0;6
81900;;;INTARIAN_PEPPER_ROOT;XIRECS;11088.0;5
83100;;;INTARIAN_PEPPER_ROOT;XIRECS;11089.0;7
88400;;;ASH_COATED_OSMIUM;XIRECS;10010.0;4
88700;;;INTARIAN_PEPPER_ROOT;XIRECS;11083.0;3
88800;;;INTARIAN_PEPPER_ROOT;XIRECS;11083.0;3
89700;;;ASH_COATED_OSMIUM;XIRECS;10013.0;8
94600;;;INTARIAN_PEPPER_ROOT;XIRECS;11091.0;7
98200;;;ASH_COATED_OSMIUM;XIRECS;10007.0;9
98400;;;INTARIAN_PEPPER_ROOT;XIRECS;11104.0;3
99400;;;INTARIAN_PEPPER_ROOT;XIRECS;11096.0;8
100500;;;ASH_COATED_OSMIUM;XIRECS;9990.0;5
101000;;;INTARIAN_PEPPER_ROOT;XIRECS;11097.0;4
101100;;;ASH_COATED_OSMIUM;XIRECS;9990.0;2
101900;;;ASH_COATED_OSMIUM;XIRECS;10006.0;6
102000;;;ASH_COATED_OSMIUM;XIRECS;9988.0;2
103000;;;ASH_COATED_OSMIUM;XIRECS;9992.0;5
104800;;;ASH_COATED_OSMIUM;XIRECS;9992.0;6
108800;;;INTARIAN_PEPPER_ROOT;XIRECS;11115.0;5
113600;;;INTARIAN_PEPPER_ROOT;XIRECS;11111.0;4
117400;;;ASH_COATED_OSMIUM;XIRECS;10007.0;9
118100;;;ASH_COATED_OSMIUM;XIRECS;9991.0;3
120600;;;INTARIAN_PEPPER_ROOT;XIRECS;11115.0;6
121900;;;INTARIAN_PEPPER_ROOT;XIRECS;11128.0;4
122600;;;INTARIAN_PEPPER_ROOT;XIRECS;11117.0;7
123400;;;INTARIAN_PEPPER_ROOT;XIRECS;11132.0;5
123500;;;ASH_COATED_OSMIUM;XIRECS;10008.0;6
124900;;;INTARIAN_PEPPER_ROOT;XIRECS;11119.0;6
125400;;;INTARIAN_PEPPER_ROOT;XIRECS;11131.0;7
125500;;;ASH_COATED_OSMIUM;XIRECS;9988.0;10
126600;;;ASH_COATED_OSMIUM;XIRECS;9988.0;6
128000;;;INTARIAN_PEPPER_ROOT;XIRECS;11122.0;7
128700;;;INTARIAN_PEPPER_ROOT;XIRECS;11125.0;3
128900;;;ASH_COATED_OSMIUM;XIRECS;9987.0;3
130100;;;ASH_COATED_OSMIUM;XIRECS;9986.0;2
130400;;;ASH_COATED_OSMIUM;XIRECS;10002.0;6
131300;;;ASH_COATED_OSMIUM;XIRECS;10003.0;10
131500;;;INTARIAN_PEPPER_ROOT;XIRECS;11125.0;3
132100;;;ASH_COATED_OSMIUM;XIRECS;9988.0;3
132200;;;INTARIAN_PEPPER_ROOT;XIRECS;11126.0;7
133100;;;INTARIAN_PEPPER_ROOT;XIRECS;11139.0;6
136100;;;INTARIAN_PEPPER_ROOT;XIRECS;11132.0;6
137700;;;ASH_COATED_OSMIUM;XIRECS;9989.0;3
139300;;;INTARIAN_PEPPER_ROOT;XIRECS;11133.0;4
139400;;;INTARIAN_PEPPER_ROOT;XIRECS;11133.0;7
139600;;;INTARIAN_PEPPER_ROOT;XIRECS;11146.0;6
139800;;;INTARIAN_PEPPER_ROOT;XIRECS;11134.0;7
141100;;;ASH_COATED_OSMIUM;XIRECS;9991.0;3
141200;;;INTARIAN_PEPPER_ROOT;XIRECS;11147.0;6
145800;;;ASH_COATED_OSMIUM;XIRECS;10009.0;10
145900;;;ASH_COATED_OSMIUM;XIRECS;10012.0;9
146600;;;ASH_COATED_OSMIUM;XIRECS;9994.0;2
146700;;;ASH_COATED_OSMIUM;XIRECS;10009.0;7
147000;;;INTARIAN_PEPPER_ROOT;XIRECS;11153.0;7
147300;;;ASH_COATED_OSMIUM;XIRECS;9993.0;6
148400;;;ASH_COATED_OSMIUM;XIRECS;9994.0;6
148700;;;INTARIAN_PEPPER_ROOT;XIRECS;11145.0;6
149000;;;ASH_COATED_OSMIUM;XIRECS;10009.0;3
152000;;;ASH_COATED_OSMIUM;XIRECS;9992.0;2
153700;;;ASH_COATED_OSMIUM;XIRECS;9994.0;5
157200;;;INTARIAN_PEPPER_ROOT;XIRECS;11163.0;4
160700;;;ASH_COATED_OSMIUM;XIRECS;10008.0;7
161400;;;ASH_COATED_OSMIUM;XIRECS;10009.0;9
161800;;;INTARIAN_PEPPER_ROOT;XIRECS;11165.0;6
161900;;;ASH_COATED_OSMIUM;XIRECS;9993.0;6
169400;;;ASH_COATED_OSMIUM;XIRECS;9989.0;2
170300;;;INTARIAN_PEPPER_ROOT;XIRECS;11176.0;7
174000;;;INTARIAN_PEPPER_ROOT;XIRECS;11165.0;7
175500;;;ASH_COATED_OSMIUM;XIRECS;9993.0;6
176900;;;ASH_COATED_OSMIUM;XIRECS;9992.0;2
178800;;;INTARIAN_PEPPER_ROOT;XIRECS;11185.0;4
182500;;;ASH_COATED_OSMIUM;XIRECS;9994.0;10
184500;;;ASH_COATED_OSMIUM;XIRECS;10011.0;6
184800;;;INTARIAN_PEPPER_ROOT;XIRECS;11188.0;7
186800;;;INTARIAN_PEPPER_ROOT;XIRECS;11196.0;7
187000;;;INTARIAN_PEPPER_ROOT;XIRECS;11196.0;3
191300;;;INTARIAN_PEPPER_ROOT;XIRECS;11185.0;7
191400;;;ASH_COATED_OSMIUM;XIRECS;9996.0;6
191600;;;ASH_COATED_OSMIUM;XIRECS;9996.0;6
193500;;;ASH_COATED_OSMIUM;XIRECS;10002.0;3
193700;;;ASH_COATED_OSMIUM;XIRECS;9994.0;3
203200;;;ASH_COATED_OSMIUM;XIRECS;9991.0;6
206100;;;ASH_COATED_OSMIUM;XIRECS;10009.0;4
207700;;;ASH_COATED_OSMIUM;XIRECS;9990.0;5
208300;;;INTARIAN_PEPPER_ROOT;XIRECS;11214.0;7
208500;;;ASH_COATED_OSMIUM;XIRECS;10009.0;4
211700;;;INTARIAN_PEPPER_ROOT;XIRECS;11206.0;4
215300;;;INTARIAN_PEPPER_ROOT;XIRECS;11211.0;5
216000;;;ASH_COATED_OSMIUM;XIRECS;10008.0;4
218000;;;ASH_COATED_OSMIUM;XIRECS;9995.0;3
218600;;;ASH_COATED_OSMIUM;XIRECS;10010.0;4
218900;;;INTARIAN_PEPPER_ROOT;XIRECS;11225.0;3
219900;;;ASH_COATED_OSMIUM;XIRECS;9991.0;6
221000;;;ASH_COATED_OSMIUM;XIRECS;9995.0;8
221700;;;ASH_COATED_OSMIUM;XIRECS;10011.0;10
222000;;;ASH_COATED_OSMIUM;XIRECS;10011.0;4
222800;;;INTARIAN_PEPPER_ROOT;XIRECS;11217.0;4
228300;;;INTARIAN_PEPPER_ROOT;XIRECS;11234.0;3
228800;;;ASH_COATED_OSMIUM;XIRECS;9993.0;3
229500;;;INTARIAN_PEPPER_ROOT;XIRECS;11223.0;4
232900;;;ASH_COATED_OSMIUM;XIRECS;10011.0;3
232900;;;INTARIAN_PEPPER_ROOT;XIRECS;11239.0;4
235100;;;INTARIAN_PEPPER_ROOT;XIRECS;11238.0;6
235800;;;ASH_COATED_OSMIUM;XIRECS;10013.0;3
236300;;;ASH_COATED_OSMIUM;XIRECS;10010.0;4
239500;;;ASH_COATED_OSMIUM;XIRECS;10011.0;7
240800;;;ASH_COATED_OSMIUM;XIRECS;10012.0;6
241200;;;INTARIAN_PEPPER_ROOT;XIRECS;11244.0;6
241800;;;ASH_COATED_OSMIUM;XIRECS;10010.0;3
243200;;;INTARIAN_PEPPER_ROOT;XIRECS;11249.0;5
244200;;;ASH_COATED_OSMIUM;XIRECS;10010.0;5
245100;;;ASH_COATED_OSMIUM;XIRECS;10012.0;7
245300;;;INTARIAN_PEPPER_ROOT;XIRECS;11239.0;6
245500;;;INTARIAN_PEPPER_ROOT;XIRECS;11252.0;6
245800;;;ASH_COATED_OSMIUM;XIRECS;10009.0;6
246400;;;ASH_COATED_OSMIUM;XIRECS;10010.0;4
250800;;;ASH_COATED_OSMIUM;XIRECS;9992.0;5
251100;;;ASH_COATED_OSMIUM;XIRECS;10001.0;3
251700;;;ASH_COATED_OSMIUM;XIRECS;9992.0;10
251900;;;INTARIAN_PEPPER_ROOT;XIRECS;11255.0;8
253300;;;ASH_COATED_OSMIUM;XIRECS;9992.0;7
259200;;;INTARIAN_PEPPER_ROOT;XIRECS;11265.0;7
262200;;;ASH_COATED_OSMIUM;XIRECS;9994.0;2
262300;;;ASH_COATED_OSMIUM;XIRECS;10010.0;3
262400;;;ASH_COATED_OSMIUM;XIRECS;10010.0;6
263800;;;INTARIAN_PEPPER_ROOT;XIRECS;11258.0;6
263900;;;INTARIAN_PEPPER_ROOT;XIRECS;11258.0;6
264100;;;ASH_COATED_OSMIUM;XIRECS;10010.0;6
264200;;;ASH_COATED_OSMIUM;XIRECS;10009.0;5
269600;;;INTARIAN_PEPPER_ROOT;XIRECS;11263.0;7
272700;;;INTARIAN_PEPPER_ROOT;XIRECS;11269.0;6
273300;;;INTARIAN_PEPPER_ROOT;XIRECS;11264.0;5
273500;;;ASH_COATED_OSMIUM;XIRECS;9999.0;4
273700;;;INTARIAN_PEPPER_ROOT;XIRECS;11268.0;3
274200;;;ASH_COATED_OSMIUM;XIRECS;9989.0;6
275900;;;INTARIAN_PEPPER_ROOT;XIRECS;11270.0;7
276000;;;INTARIAN_PEPPER_ROOT;XIRECS;11272.0;6
277500;;;ASH_COATED_OSMIUM;XIRECS;10005.0;5
279800;;;ASH_COATED_OSMIUM;XIRECS;9992.0;4
280500;;;ASH_COATED_OSMIUM;XIRECS;10006.0;5
280700;;;ASH_COATED_OSMIUM;XIRECS;10008.0;5
282100;;;INTARIAN_PEPPER_ROOT;XIRECS;11285.0;4
283800;;;INTARIAN_PEPPER_ROOT;XIRECS;11287.0;6
285200;;;ASH_COATED_OSMIUM;XIRECS;10007.0;6
287400;;;INTARIAN_PEPPER_ROOT;XIRECS;11290.0;5
288100;;;ASH_COATED_OSMIUM;XIRECS;9989.0;5
288700;;;ASH_COATED_OSMIUM;XIRECS;9989.0;10
289600;;;INTARIAN_PEPPER_ROOT;XIRECS;11296.0;7
290500;;;ASH_COATED_OSMIUM;XIRECS;9988.0;6
291800;;;ASH_COATED_OSMIUM;XIRECS;9986.0;6
298800;;;INTARIAN_PEPPER_ROOT;XIRECS;11302.0;7
301200;;;INTARIAN_PEPPER_ROOT;XIRECS;11297.0;8
302500;;;INTARIAN_PEPPER_ROOT;XIRECS;11299.0;8
302900;;;ASH_COATED_OSMIUM;XIRECS;9993.0;7
303200;;;INTARIAN_PEPPER_ROOT;XIRECS;11297.0;7
306200;;;ASH_COATED_OSMIUM;XIRECS;9992.0;9
307800;;;ASH_COATED_OSMIUM;XIRECS;10011.0;6
308100;;;ASH_COATED_OSMIUM;XIRECS;9995.0;3
309100;;;INTARIAN_PEPPER_ROOT;XIRECS;11300.0;5
309700;;;INTARIAN_PEPPER_ROOT;XIRECS;11316.0;6
310200;;;ASH_COATED_OSMIUM;XIRECS;9996.0;7
310300;;;ASH_COATED_OSMIUM;XIRECS;10002.0;5
311400;;;ASH_COATED_OSMIUM;XIRECS;9996.0;7
312600;;;ASH_COATED_OSMIUM;XIRECS;10012.0;2
312900;;;ASH_COATED_OSMIUM;XIRECS;10001.0;5
315000;;;ASH_COATED_OSMIUM;XIRECS;10012.0;5
315300;;;ASH_COATED_OSMIUM;XIRECS;9997.0;9
316600;;;INTARIAN_PEPPER_ROOT;XIRECS;11310.0;4
320500;;;INTARIAN_PEPPER_ROOT;XIRECS;11317.0;3
320700;;;ASH_COATED_OSMIUM;XIRECS;10013.0;10
324600;;;ASH_COATED_OSMIUM;XIRECS;9999.0;3
324600;;;INTARIAN_PEPPER_ROOT;XIRECS;11318.0;4
325100;;;INTARIAN_PEPPER_ROOT;XIRECS;11319.0;5
325900;;;ASH_COATED_OSMIUM;XIRECS;10018.0;3
329600;;;ASH_COATED_OSMIUM;XIRECS;10016.0;3
329700;;;ASH_COATED_OSMIUM;XIRECS;10016.0;2
329700;;;INTARIAN_PEPPER_ROOT;XIRECS;11326.0;4
329900;;;ASH_COATED_OSMIUM;XIRECS;10000.0;8
331400;;;ASH_COATED_OSMIUM;XIRECS;10000.0;5
335700;;;ASH_COATED_OSMIUM;XIRECS;10016.0;7
336000;;;ASH_COATED_OSMIUM;XIRECS;10016.0;5
337000;;;ASH_COATED_OSMIUM;XIRECS;10019.0;10
337400;;;ASH_COATED_OSMIUM;XIRECS;10015.0;2
337700;;;INTARIAN_PEPPER_ROOT;XIRECS;11344.0;4
348700;;;ASH_COATED_OSMIUM;XIRECS;10013.0;8
349700;;;ASH_COATED_OSMIUM;XIRECS;9992.0;6
350500;;;INTARIAN_PEPPER_ROOT;XIRECS;11347.0;5
350900;;;INTARIAN_PEPPER_ROOT;XIRECS;11345.0;4
351600;;;INTARIAN_PEPPER_ROOT;XIRECS;11361.0;4
352100;;;ASH_COATED_OSMIUM;XIRECS;10011.0;4
352300;;;ASH_COATED_OSMIUM;XIRECS;10011.0;2
353900;;;ASH_COATED_OSMIUM;XIRECS;9993.0;5
354300;;;ASH_COATED_OSMIUM;XIRECS;9989.0;5
355200;;;ASH_COATED_OSMIUM;XIRECS;10007.0;7
356300;;;ASH_COATED_OSMIUM;XIRECS;9998.0;4
356400;;;ASH_COATED_OSMIUM;XIRECS;9992.0;5
358000;;;ASH_COATED_OSMIUM;XIRECS;9997.0;4
358400;;;ASH_COATED_OSMIUM;XIRECS;10007.0;10
359000;;;ASH_COATED_OSMIUM;XIRECS;10008.0;3
359500;;;INTARIAN_PEPPER_ROOT;XIRECS;11366.0;3
359900;;;ASH_COATED_OSMIUM;XIRECS;9992.0;9
363600;;;INTARIAN_PEPPER_ROOT;XIRECS;11357.0;7
363800;;;INTARIAN_PEPPER_ROOT;XIRECS;11358.0;7
367800;;;INTARIAN_PEPPER_ROOT;XIRECS;11371.0;5
368500;;;ASH_COATED_OSMIUM;XIRECS;9993.0;3
369200;;;INTARIAN_PEPPER_ROOT;XIRECS;11363.0;3
371200;;;INTARIAN_PEPPER_ROOT;XIRECS;11365.0;7
371400;;;INTARIAN_PEPPER_ROOT;XIRECS;11365.0;7
374200;;;ASH_COATED_OSMIUM;XIRECS;9993.0;10
374400;;;ASH_COATED_OSMIUM;XIRECS;10009.0;8
375600;;;ASH_COATED_OSMIUM;XIRECS;10008.0;4
377100;;;ASH_COATED_OSMIUM;XIRECS;10008.0;6
377300;;;ASH_COATED_OSMIUM;XIRECS;10009.0;8
378200;;;INTARIAN_PEPPER_ROOT;XIRECS;11387.0;3
379500;;;ASH_COATED_OSMIUM;XIRECS;10013.0;10
380900;;;ASH_COATED_OSMIUM;XIRECS;9996.0;4
384200;;;INTARIAN_PEPPER_ROOT;XIRECS;11390.0;6
386500;;;ASH_COATED_OSMIUM;XIRECS;10011.0;5
388100;;;ASH_COATED_OSMIUM;XIRECS;9994.0;8
388700;;;INTARIAN_PEPPER_ROOT;XIRECS;11395.0;5
390900;;;ASH_COATED_OSMIUM;XIRECS;9995.0;2
393200;;;INTARIAN_PEPPER_ROOT;XIRECS;11389.0;6
393600;;;ASH_COATED_OSMIUM;XIRECS;9997.0;10
395100;;;ASH_COATED_OSMIUM;XIRECS;9999.0;2
398800;;;INTARIAN_PEPPER_ROOT;XIRECS;11395.0;5
399000;;;INTARIAN_PEPPER_ROOT;XIRECS;11395.0;7
399200;;;ASH_COATED_OSMIUM;XIRECS;9999.0;4
400000;;;INTARIAN_PEPPER_ROOT;XIRECS;11394.0;7
400700;;;ASH_COATED_OSMIUM;XIRECS;10015.0;4
405100;;;INTARIAN_PEPPER_ROOT;XIRECS;11411.0;5
405700;;;ASH_COATED_OSMIUM;XIRECS;10010.0;4
406300;;;ASH_COATED_OSMIUM;XIRECS;9992.0;7
406700;;;INTARIAN_PEPPER_ROOT;XIRECS;11413.0;7
407300;;;INTARIAN_PEPPER_ROOT;XIRECS;11410.0;6
407500;;;ASH_COATED_OSMIUM;XIRECS;10012.0;5
407600;;;ASH_COATED_OSMIUM;XIRECS;10009.0;8
408000;;;ASH_COATED_OSMIUM;XIRECS;10009.0;2
409300;;;INTARIAN_PEPPER_ROOT;XIRECS;11405.0;5
411700;;;ASH_COATED_OSMIUM;XIRECS;9993.0;10
412600;;;INTARIAN_PEPPER_ROOT;XIRECS;11406.0;7
413100;;;ASH_COATED_OSMIUM;XIRECS;10010.0;7
413500;;;INTARIAN_PEPPER_ROOT;XIRECS;11420.0;3
415200;;;ASH_COATED_OSMIUM;XIRECS;10012.0;5
415700;;;INTARIAN_PEPPER_ROOT;XIRECS;11409.0;7
417900;;;INTARIAN_PEPPER_ROOT;XIRECS;11412.0;6
418300;;;ASH_COATED_OSMIUM;XIRECS;10009.0;5
420600;;;INTARIAN_PEPPER_ROOT;XIRECS;11414.0;7
421100;;;INTARIAN_PEPPER_ROOT;XIRECS;11415.0;3
423200;;;INTARIAN_PEPPER_ROOT;XIRECS;11417.0;6
423400;;;ASH_COATED_OSMIUM;XIRECS;9994.0;6
423900;;;ASH_COATED_OSMIUM;XIRECS;9995.0;2
424300;;;ASH_COATED_OSMIUM;XIRECS;9994.0;6
424400;;;ASH_COATED_OSMIUM;XIRECS;9994.0;6
424800;;;INTARIAN_PEPPER_ROOT;XIRECS;11421.0;6
424900;;;ASH_COATED_OSMIUM;XIRECS;10009.0;3
426300;;;ASH_COATED_OSMIUM;XIRECS;9991.0;4
428300;;;ASH_COATED_OSMIUM;XIRECS;10010.0;5
429600;;;INTARIAN_PEPPER_ROOT;XIRECS;11426.0;3
430400;;;ASH_COATED_OSMIUM;XIRECS;10004.0;4
430900;;;ASH_COATED_OSMIUM;XIRECS;10014.0;5
431600;;;INTARIAN_PEPPER_ROOT;XIRECS;11425.0;7
432100;;;INTARIAN_PEPPER_ROOT;XIRECS;11435.0;6
432300;;;INTARIAN_PEPPER_ROOT;XIRECS;11426.0;7
433200;;;ASH_COATED_OSMIUM;XIRECS;9996.0;4
435200;;;ASH_COATED_OSMIUM;XIRECS;10013.0;6
435500;;;INTARIAN_PEPPER_ROOT;XIRECS;11438.0;5
436500;;;INTARIAN_PEPPER_ROOT;XIRECS;11430.0;3
438600;;;ASH_COATED_OSMIUM;XIRECS;9998.0;8
444300;;;ASH_COATED_OSMIUM;XIRECS;9997.0;3
453500;;;INTARIAN_PEPPER_ROOT;XIRECS;11450.0;7
454100;;;ASH_COATED_OSMIUM;XIRECS;10014.0;6
455400;;;INTARIAN_PEPPER_ROOT;XIRECS;11464.0;5
457500;;;INTARIAN_PEPPER_ROOT;XIRECS;11464.0;5
457600;;;INTARIAN_PEPPER_ROOT;XIRECS;11464.0;4
460000;;;INTARIAN_PEPPER_ROOT;XIRECS;11454.0;6
460700;;;INTARIAN_PEPPER_ROOT;XIRECS;11464.0;7
464100;;;INTARIAN_PEPPER_ROOT;XIRECS;11458.0;6
465200;;;INTARIAN_PEPPER_ROOT;XIRECS;11468.0;5
469000;;;ASH_COATED_OSMIUM;XIRECS;9993.0;2
469000;;;INTARIAN_PEPPER_ROOT;XIRECS;11475.0;7
470900;;;INTARIAN_PEPPER_ROOT;XIRECS;11465.0;7
476700;;;ASH_COATED_OSMIUM;XIRECS;10010.0;9
477600;;;ASH_COATED_OSMIUM;XIRECS;9993.0;10
479500;;;INTARIAN_PEPPER_ROOT;XIRECS;11473.0;3
483900;;;ASH_COATED_OSMIUM;XIRECS;10009.0;4
484200;;;INTARIAN_PEPPER_ROOT;XIRECS;11478.0;6
487100;;;ASH_COATED_OSMIUM;XIRECS;9994.0;3
487200;;;INTARIAN_PEPPER_ROOT;XIRECS;11493.0;6
488600;;;ASH_COATED_OSMIUM;XIRECS;9992.0;9
488700;;;INTARIAN_PEPPER_ROOT;XIRECS;11495.0;3
488800;;;INTARIAN_PEPPER_ROOT;XIRECS;11483.0;5
491600;;;ASH_COATED_OSMIUM;XIRECS;10010.0;2
492600;;;ASH_COATED_OSMIUM;XIRECS;9995.0;5
494600;;;INTARIAN_PEPPER_ROOT;XIRECS;11485.0;5
494900;;;INTARIAN_PEPPER_ROOT;XIRECS;11501.0;3
495600;;;ASH_COATED_OSMIUM;XIRECS;10013.0;6
495800;;;ASH_COATED_OSMIUM;XIRECS;9997.0;9
496100;;;ASH_COATED_OSMIUM;XIRECS;9997.0;3
497200;;;INTARIAN_PEPPER_ROOT;XIRECS;11488.0;4
497700;;;ASH_COATED_OSMIUM;XIRECS;10001.0;5
497800;;;INTARIAN_PEPPER_ROOT;XIRECS;11504.0;5
498800;;;INTARIAN_PEPPER_ROOT;XIRECS;11502.0;3
500000;;;ASH_COATED_OSMIUM;XIRECS;10011.0;5
500300;;;INTARIAN_PEPPER_ROOT;XIRECS;11507.0;6
503500;;;ASH_COATED_OSMIUM;XIRECS;9994.0;4
503800;;;INTARIAN_PEPPER_ROOT;XIRECS;11510.0;4
504900;;;INTARIAN_PEPPER_ROOT;XIRECS;11499.0;4
505900;;;ASH_COATED_OSMIUM;XIRECS;9993.0;4
506600;;;ASH_COATED_OSMIUM;XIRECS;10009.0;6
507700;;;INTARIAN_PEPPER_ROOT;XIRECS;11501.0;6
508700;;;INTARIAN_PEPPER_ROOT;XIRECS;11515.0;5
508800;;;INTARIAN_PEPPER_ROOT;XIRECS;11515.0;5
509600;;;INTARIAN_PEPPER_ROOT;XIRECS;11503.0;4
509900;;;ASH_COATED_OSMIUM;XIRECS;9995.0;2
510400;;;ASH_COATED_OSMIUM;XIRECS;9995.0;6
512100;;;INTARIAN_PEPPER_ROOT;XIRECS;11515.0;6
513000;;;INTARIAN_PEPPER_ROOT;XIRECS;11509.0;7
514300;;;INTARIAN_PEPPER_ROOT;XIRECS;11517.0;6
516600;;;ASH_COATED_OSMIUM;XIRECS;9996.0;4
516700;;;INTARIAN_PEPPER_ROOT;XIRECS;11523.0;6
517700;;;INTARIAN_PEPPER_ROOT;XIRECS;11511.0;7
519100;;;ASH_COATED_OSMIUM;XIRECS;10012.0;5
519200;;;INTARIAN_PEPPER_ROOT;XIRECS;11513.0;6
522400;;;ASH_COATED_OSMIUM;XIRECS;9995.0;5
523400;;;INTARIAN_PEPPER_ROOT;XIRECS;11517.0;6
524200;;;ASH_COATED_OSMIUM;XIRECS;10012.0;10
524600;;;INTARIAN_PEPPER_ROOT;XIRECS;11521.0;3
524700;;;INTARIAN_PEPPER_ROOT;XIRECS;11528.0;7
525200;;;ASH_COATED_OSMIUM;XIRECS;9995.0;5
525500;;;INTARIAN_PEPPER_ROOT;XIRECS;11516.0;6
527900;;;ASH_COATED_OSMIUM;XIRECS;10011.0;5
529400;;;INTARIAN_PEPPER_ROOT;XIRECS;11536.0;3
531800;;;ASH_COATED_OSMIUM;XIRECS;10013.0;5
534000;;;INTARIAN_PEPPER_ROOT;XIRECS;11537.0;4
534100;;;ASH_COATED_OSMIUM;XIRECS;9994.0;2
534100;;;INTARIAN_PEPPER_ROOT;XIRECS;11537.0;4
535800;;;ASH_COATED_OSMIUM;XIRECS;9994.0;5
536000;;;ASH_COATED_OSMIUM;XIRECS;9994.0;4
537800;;;INTARIAN_PEPPER_ROOT;XIRECS;11541.0;7
538800;;;ASH_COATED_OSMIUM;XIRECS;10006.0;5
541900;;;ASH_COATED_OSMIUM;XIRECS;10007.0;5
543100;;;INTARIAN_PEPPER_ROOT;XIRECS;11549.0;5
544200;;;INTARIAN_PEPPER_ROOT;XIRECS;11535.0;3
545000;;;ASH_COATED_OSMIUM;XIRECS;9991.0;6
547500;;;INTARIAN_PEPPER_ROOT;XIRECS;11541.0;6
547600;;;ASH_COATED_OSMIUM;XIRECS;10006.0;2
547800;;;INTARIAN_PEPPER_ROOT;XIRECS;11557.0;5
548100;;;ASH_COATED_OSMIUM;XIRECS;10009.0;4
549600;;;ASH_COATED_OSMIUM;XIRECS;10005.0;10
552200;;;INTARIAN_PEPPER_ROOT;XIRECS;11548.0;3
553200;;;INTARIAN_PEPPER_ROOT;XIRECS;11547.0;5
555400;;;INTARIAN_PEPPER_ROOT;XIRECS;11558.0;4
562200;;;ASH_COATED_OSMIUM;XIRECS;9989.0;2
564100;;;INTARIAN_PEPPER_ROOT;XIRECS;11558.0;7
564800;;;ASH_COATED_OSMIUM;XIRECS;9987.0;4
567700;;;ASH_COATED_OSMIUM;XIRECS;9989.0;4
571600;;;ASH_COATED_OSMIUM;XIRECS;10008.0;5
572700;;;ASH_COATED_OSMIUM;XIRECS;10008.0;3
573000;;;ASH_COATED_OSMIUM;XIRECS;9991.0;5
573400;;;ASH_COATED_OSMIUM;XIRECS;10007.0;3
574600;;;INTARIAN_PEPPER_ROOT;XIRECS;11578.0;8
574700;;;INTARIAN_PEPPER_ROOT;XIRECS;11581.0;6
575700;;;ASH_COATED_OSMIUM;XIRECS;10008.0;3
576500;;;INTARIAN_PEPPER_ROOT;XIRECS;11570.0;5
581000;;;ASH_COATED_OSMIUM;XIRECS;9989.0;6
582600;;;ASH_COATED_OSMIUM;XIRECS;10007.0;4
586900;;;INTARIAN_PEPPER_ROOT;XIRECS;11590.0;7
587000;;;ASH_COATED_OSMIUM;XIRECS;10008.0;6
588200;;;ASH_COATED_OSMIUM;XIRECS;10002.0;4
589500;;;ASH_COATED_OSMIUM;XIRECS;9992.0;3
590700;;;INTARIAN_PEPPER_ROOT;XIRECS;11594.0;8
591600;;;INTARIAN_PEPPER_ROOT;XIRECS;11588.0;7
592100;;;ASH_COATED_OSMIUM;XIRECS;9992.0;5
593200;;;INTARIAN_PEPPER_ROOT;XIRECS;11589.0;4
594000;;;ASH_COATED_OSMIUM;XIRECS;9989.0;6
596100;;;ASH_COATED_OSMIUM;XIRECS;9990.0;9
597100;;;INTARIAN_PEPPER_ROOT;XIRECS;11603.0;6
598000;;;ASH_COATED_OSMIUM;XIRECS;9990.0;6
599600;;;INTARIAN_PEPPER_ROOT;XIRECS;11606.0;4
602300;;;INTARIAN_PEPPER_ROOT;XIRECS;11596.0;3
605600;;;ASH_COATED_OSMIUM;XIRECS;10008.0;5
605800;;;INTARIAN_PEPPER_ROOT;XIRECS;11597.0;5
607000;;;ASH_COATED_OSMIUM;XIRECS;10008.0;2
607000;;;INTARIAN_PEPPER_ROOT;XIRECS;11603.0;4
610200;;;ASH_COATED_OSMIUM;XIRECS;9994.0;8
611100;;;INTARIAN_PEPPER_ROOT;XIRECS;11617.0;5
614900;;;ASH_COATED_OSMIUM;XIRECS;9995.0;5
617800;;;INTARIAN_PEPPER_ROOT;XIRECS;11611.0;6
618000;;;ASH_COATED_OSMIUM;XIRECS;10010.0;6
620100;;;INTARIAN_PEPPER_ROOT;XIRECS;11614.0;6
620400;;;ASH_COATED_OSMIUM;XIRECS;9994.0;6
621900;;;ASH_COATED_OSMIUM;XIRECS;9994.0;2
622100;;;INTARIAN_PEPPER_ROOT;XIRECS;11616.0;7
623600;;;INTARIAN_PEPPER_ROOT;XIRECS;11617.0;3
627500;;;INTARIAN_PEPPER_ROOT;XIRECS;11634.0;4
628200;;;ASH_COATED_OSMIUM;XIRECS;9994.0;4
628200;;;INTARIAN_PEPPER_ROOT;XIRECS;11622.0;5
628500;;;ASH_COATED_OSMIUM;XIRECS;10010.0;7
630300;;;INTARIAN_PEPPER_ROOT;XIRECS;11637.0;4
631800;;;INTARIAN_PEPPER_ROOT;XIRECS;11625.0;7
636500;;;ASH_COATED_OSMIUM;XIRECS;10013.0;6
636700;;;INTARIAN_PEPPER_ROOT;XIRECS;11643.0;5
637800;;;ASH_COATED_OSMIUM;XIRECS;10013.0;5
639300;;;INTARIAN_PEPPER_ROOT;XIRECS;11642.0;6
640900;;;INTARIAN_PEPPER_ROOT;XIRECS;11644.0;5
641400;;;INTARIAN_PEPPER_ROOT;XIRECS;11648.0;3
643800;;;ASH_COATED_OSMIUM;XIRECS;9996.0;5
644200;;;ASH_COATED_OSMIUM;XIRECS;10013.0;5
644600;;;ASH_COATED_OSMIUM;XIRECS;10013.0;8
647000;;;ASH_COATED_OSMIUM;XIRECS;10014.0;4
647400;;;ASH_COATED_OSMIUM;XIRECS;10015.0;5
649900;;;ASH_COATED_OSMIUM;XIRECS;10015.0;6
650300;;;ASH_COATED_OSMIUM;XIRECS;9996.0;9
651200;;;INTARIAN_PEPPER_ROOT;XIRECS;11645.0;7
651300;;;ASH_COATED_OSMIUM;XIRECS;10015.0;6
652400;;;INTARIAN_PEPPER_ROOT;XIRECS;11659.0;5
654500;;;ASH_COATED_OSMIUM;XIRECS;10015.0;5
655200;;;INTARIAN_PEPPER_ROOT;XIRECS;11649.0;5
656300;;;ASH_COATED_OSMIUM;XIRECS;10004.0;7
657400;;;ASH_COATED_OSMIUM;XIRECS;10016.0;5
657600;;;INTARIAN_PEPPER_ROOT;XIRECS;11651.0;5
659100;;;INTARIAN_PEPPER_ROOT;XIRECS;11655.0;5
659600;;;ASH_COATED_OSMIUM;XIRECS;10001.0;4
660400;;;ASH_COATED_OSMIUM;XIRECS;10017.0;2
660400;;;ASH_COATED_OSMIUM;XIRECS;10001.0;7
662400;;;ASH_COATED_OSMIUM;XIRECS;10001.0;5
662500;;;ASH_COATED_OSMIUM;XIRECS;10016.0;3
663100;;;ASH_COATED_OSMIUM;XIRECS;10017.0;6
663200;;;ASH_COATED_OSMIUM;XIRECS;10016.0;4
663600;;;INTARIAN_PEPPER_ROOT;XIRECS;11657.0;4
665000;;;INTARIAN_PEPPER_ROOT;XIRECS;11671.0;7
665400;;;ASH_COATED_OSMIUM;XIRECS;10001.0;8
666000;;;INTARIAN_PEPPER_ROOT;XIRECS;11672.0;4
667100;;;ASH_COATED_OSMIUM;XIRECS;10018.0;3
668200;;;INTARIAN_PEPPER_ROOT;XIRECS;11662.0;6
671000;;;INTARIAN_PEPPER_ROOT;XIRECS;11674.0;6
671500;;;ASH_COATED_OSMIUM;XIRECS;10003.0;5
671600;;;INTARIAN_PEPPER_ROOT;XIRECS;11668.0;3
673400;;;ASH_COATED_OSMIUM;XIRECS;10007.0;3
677400;;;ASH_COATED_OSMIUM;XIRECS;9999.0;8
679900;;;INTARIAN_PEPPER_ROOT;XIRECS;11689.0;4
680400;;;ASH_COATED_OSMIUM;XIRECS;10017.0;6
685300;;;ASH_COATED_OSMIUM;XIRECS;10016.0;6
685900;;;INTARIAN_PEPPER_ROOT;XIRECS;11680.0;5
686100;;;INTARIAN_PEPPER_ROOT;XIRECS;11682.0;3
689500;;;INTARIAN_PEPPER_ROOT;XIRECS;11683.0;6
689700;;;ASH_COATED_OSMIUM;XIRECS;9998.0;6
689700;;;INTARIAN_PEPPER_ROOT;XIRECS;11686.0;4
690800;;;INTARIAN_PEPPER_ROOT;XIRECS;11697.0;7
693400;;;ASH_COATED_OSMIUM;XIRECS;10014.0;8
693900;;;ASH_COATED_OSMIUM;XIRECS;10015.0;6
694100;;;ASH_COATED_OSMIUM;XIRECS;10016.0;8
694300;;;ASH_COATED_OSMIUM;XIRECS;9995.0;2
695800;;;INTARIAN_PEPPER_ROOT;XIRECS;11689.0;4
696400;;;INTARIAN_PEPPER_ROOT;XIRECS;11690.0;5
699500;;;ASH_COATED_OSMIUM;XIRECS;9996.0;6
700000;;;INTARIAN_PEPPER_ROOT;XIRECS;11709.0;5
704100;;;INTARIAN_PEPPER_ROOT;XIRECS;11700.0;8
705000;;;ASH_COATED_OSMIUM;XIRECS;10005.0;2
705600;;;ASH_COATED_OSMIUM;XIRECS;10013.0;3
706200;;;ASH_COATED_OSMIUM;XIRECS;10011.0;6
706500;;;INTARIAN_PEPPER_ROOT;XIRECS;11710.0;6
707200;;;INTARIAN_PEPPER_ROOT;XIRECS;11701.0;6
708200;;;ASH_COATED_OSMIUM;XIRECS;9995.0;10
709100;;;ASH_COATED_OSMIUM;XIRECS;10013.0;2
709600;;;INTARIAN_PEPPER_ROOT;XIRECS;11706.0;5
709800;;;INTARIAN_PEPPER_ROOT;XIRECS;11706.0;6
709900;;;ASH_COATED_OSMIUM;XIRECS;9992.0;5
710200;;;ASH_COATED_OSMIUM;XIRECS;10008.0;4
711100;;;ASH_COATED_OSMIUM;XIRECS;9990.0;3
711900;;;ASH_COATED_OSMIUM;XIRECS;10006.0;7
714600;;;ASH_COATED_OSMIUM;XIRECS;10009.0;6
716700;;;INTARIAN_PEPPER_ROOT;XIRECS;11723.0;5
718200;;;ASH_COATED_OSMIUM;XIRECS;9994.0;7
719200;;;INTARIAN_PEPPER_ROOT;XIRECS;11713.0;3
721400;;;INTARIAN_PEPPER_ROOT;XIRECS;11715.0;3
727200;;;ASH_COATED_OSMIUM;XIRECS;9991.0;9
727600;;;INTARIAN_PEPPER_ROOT;XIRECS;11724.0;3
728300;;;INTARIAN_PEPPER_ROOT;XIRECS;11731.0;6
729400;;;ASH_COATED_OSMIUM;XIRECS;10007.0;10
729500;;;ASH_COATED_OSMIUM;XIRECS;9991.0;4
729500;;;ASH_COATED_OSMIUM;XIRECS;9991.0;6
730200;;;INTARIAN_PEPPER_ROOT;XIRECS;11721.0;7
731900;;;ASH_COATED_OSMIUM;XIRECS;10008.0;5
732700;;;INTARIAN_PEPPER_ROOT;XIRECS;11726.0;6
732800;;;ASH_COATED_OSMIUM;XIRECS;10008.0;2
734100;;;INTARIAN_PEPPER_ROOT;XIRECS;11728.0;3
736300;;;ASH_COATED_OSMIUM;XIRECS;9986.0;10
736500;;;INTARIAN_PEPPER_ROOT;XIRECS;11730.0;4
740000;;;ASH_COATED_OSMIUM;XIRECS;10005.0;2
740200;;;ASH_COATED_OSMIUM;XIRECS;10005.0;9
741500;;;ASH_COATED_OSMIUM;XIRECS;10005.0;2
742300;;;ASH_COATED_OSMIUM;XIRECS;9987.0;6
744200;;;ASH_COATED_OSMIUM;XIRECS;9995.0;4
745200;;;ASH_COATED_OSMIUM;XIRECS;10000.0;10
745600;;;ASH_COATED_OSMIUM;XIRECS;9985.0;6
747500;;;ASH_COATED_OSMIUM;XIRECS;10003.0;2
747600;;;INTARIAN_PEPPER_ROOT;XIRECS;11741.0;4
748900;;;INTARIAN_PEPPER_ROOT;XIRECS;11755.0;3
750300;;;INTARIAN_PEPPER_ROOT;XIRECS;11757.0;6
753100;;;ASH_COATED_OSMIUM;XIRECS;9985.0;4
754300;;;INTARIAN_PEPPER_ROOT;XIRECS;11748.0;3
757000;;;INTARIAN_PEPPER_ROOT;XIRECS;11751.0;4
757600;;;INTARIAN_PEPPER_ROOT;XIRECS;11767.0;3
758400;;;INTARIAN_PEPPER_ROOT;XIRECS;11765.0;3
759900;;;ASH_COATED_OSMIUM;XIRECS;10001.0;6
760500;;;INTARIAN_PEPPER_ROOT;XIRECS;11767.0;3
760600;;;INTARIAN_PEPPER_ROOT;XIRECS;11757.0;3
761900;;;ASH_COATED_OSMIUM;XIRECS;10002.0;9
762800;;;ASH_COATED_OSMIUM;XIRECS;9997.0;8
763700;;;INTARIAN_PEPPER_ROOT;XIRECS;11770.0;3
765800;;;ASH_COATED_OSMIUM;XIRECS;9994.0;4
768500;;;ASH_COATED_OSMIUM;XIRECS;9993.0;2
770100;;;INTARIAN_PEPPER_ROOT;XIRECS;11764.0;6
772500;;;INTARIAN_PEPPER_ROOT;XIRECS;11766.0;5
772900;;;INTARIAN_PEPPER_ROOT;XIRECS;11767.0;4
773000;;;ASH_COATED_OSMIUM;XIRECS;9992.0;2
774300;;;ASH_COATED_OSMIUM;XIRECS;9995.0;9
775000;;;INTARIAN_PEPPER_ROOT;XIRECS;11766.0;3
775200;;;INTARIAN_PEPPER_ROOT;XIRECS;11769.0;7
776200;;;ASH_COATED_OSMIUM;XIRECS;10010.0;4
778000;;;INTARIAN_PEPPER_ROOT;XIRECS;11780.0;6
778200;;;INTARIAN_PEPPER_ROOT;XIRECS;11772.0;6
778300;;;ASH_COATED_OSMIUM;XIRECS;9994.0;5
778600;;;ASH_COATED_OSMIUM;XIRECS;10009.0;7
780700;;;INTARIAN_PEPPER_ROOT;XIRECS;11777.0;7
783500;;;INTARIAN_PEPPER_ROOT;XIRECS;11790.0;6
785700;;;INTARIAN_PEPPER_ROOT;XIRECS;11782.0;6
787800;;;ASH_COATED_OSMIUM;XIRECS;9992.0;3
791000;;;INTARIAN_PEPPER_ROOT;XIRECS;11787.0;8
791600;;;INTARIAN_PEPPER_ROOT;XIRECS;11785.0;4
792100;;;ASH_COATED_OSMIUM;XIRECS;9987.0;9
795600;;;INTARIAN_PEPPER_ROOT;XIRECS;11802.0;5
795700;;;INTARIAN_PEPPER_ROOT;XIRECS;11799.0;7
797000;;;ASH_COATED_OSMIUM;XIRECS;10003.0;2
799500;;;ASH_COATED_OSMIUM;XIRECS;9988.0;2
802300;;;ASH_COATED_OSMIUM;XIRECS;9986.0;6
805500;;;ASH_COATED_OSMIUM;XIRECS;9986.0;8
805800;;;INTARIAN_PEPPER_ROOT;XIRECS;11799.0;5
807000;;;INTARIAN_PEPPER_ROOT;XIRECS;11801.0;4
807700;;;INTARIAN_PEPPER_ROOT;XIRECS;11801.0;7
816800;;;INTARIAN_PEPPER_ROOT;XIRECS;11823.0;7
818000;;;INTARIAN_PEPPER_ROOT;XIRECS;11812.0;6
818800;;;ASH_COATED_OSMIUM;XIRECS;9988.0;2
820500;;;INTARIAN_PEPPER_ROOT;XIRECS;11811.0;7
821700;;;ASH_COATED_OSMIUM;XIRECS;10004.0;6
823900;;;INTARIAN_PEPPER_ROOT;XIRECS;11817.0;6
826700;;;ASH_COATED_OSMIUM;XIRECS;9982.0;6
827600;;;ASH_COATED_OSMIUM;XIRECS;9982.0;2
829300;;;INTARIAN_PEPPER_ROOT;XIRECS;11832.0;6
830500;;;ASH_COATED_OSMIUM;XIRECS;9998.0;3
830600;;;ASH_COATED_OSMIUM;XIRECS;9998.0;7
830900;;;INTARIAN_PEPPER_ROOT;XIRECS;11827.0;7
832800;;;INTARIAN_PEPPER_ROOT;XIRECS;11826.0;7
834000;;;ASH_COATED_OSMIUM;XIRECS;9992.0;3
834800;;;INTARIAN_PEPPER_ROOT;XIRECS;11828.0;5
835100;;;ASH_COATED_OSMIUM;XIRECS;10005.0;3
839400;;;INTARIAN_PEPPER_ROOT;XIRECS;11849.0;3
840600;;;ASH_COATED_OSMIUM;XIRECS;9988.0;2
842600;;;ASH_COATED_OSMIUM;XIRECS;10004.0;3
845900;;;ASH_COATED_OSMIUM;XIRECS;9989.0;9
846300;;;INTARIAN_PEPPER_ROOT;XIRECS;11840.0;3
846600;;;INTARIAN_PEPPER_ROOT;XIRECS;11840.0;5
847200;;;ASH_COATED_OSMIUM;XIRECS;9989.0;3
847400;;;INTARIAN_PEPPER_ROOT;XIRECS;11843.0;7
850900;;;ASH_COATED_OSMIUM;XIRECS;10004.0;5
851900;;;INTARIAN_PEPPER_ROOT;XIRECS;11848.0;4
852400;;;ASH_COATED_OSMIUM;XIRECS;9986.0;5
855000;;;ASH_COATED_OSMIUM;XIRECS;9989.0;4
856800;;;INTARIAN_PEPPER_ROOT;XIRECS;11853.0;8
859800;;;INTARIAN_PEPPER_ROOT;XIRECS;11863.0;4
861700;;;ASH_COATED_OSMIUM;XIRECS;9990.0;3
862300;;;INTARIAN_PEPPER_ROOT;XIRECS;11869.0;5
864700;;;ASH_COATED_OSMIUM;XIRECS;10008.0;6
865100;;;INTARIAN_PEPPER_ROOT;XIRECS;11859.0;5
865200;;;ASH_COATED_OSMIUM;XIRECS;10006.0;5
865600;;;INTARIAN_PEPPER_ROOT;XIRECS;11869.0;8
866000;;;INTARIAN_PEPPER_ROOT;XIRECS;11860.0;6
868300;;;ASH_COATED_OSMIUM;XIRECS;10008.0;4
869500;;;INTARIAN_PEPPER_ROOT;XIRECS;11876.0;7
870000;;;INTARIAN_PEPPER_ROOT;XIRECS;11876.0;6
870300;;;INTARIAN_PEPPER_ROOT;XIRECS;11864.0;6
870700;;;INTARIAN_PEPPER_ROOT;XIRECS;11877.0;6
871400;;;ASH_COATED_OSMIUM;XIRECS;9995.0;9
873900;;;ASH_COATED_OSMIUM;XIRECS;9992.0;5
874900;;;ASH_COATED_OSMIUM;XIRECS;9992.0;7
875600;;;ASH_COATED_OSMIUM;XIRECS;9992.0;4
875800;;;ASH_COATED_OSMIUM;XIRECS;9992.0;6
875900;;;ASH_COATED_OSMIUM;XIRECS;9992.0;6
881400;;;INTARIAN_PEPPER_ROOT;XIRECS;11875.0;6
881500;;;INTARIAN_PEPPER_ROOT;XIRECS;11888.0;4
881900;;;ASH_COATED_OSMIUM;XIRECS;10012.0;10
883100;;;ASH_COATED_OSMIUM;XIRECS;10010.0;2
884800;;;ASH_COATED_OSMIUM;XIRECS;10010.0;8
886200;;;INTARIAN_PEPPER_ROOT;XIRECS;11893.0;7
888100;;;ASH_COATED_OSMIUM;XIRECS;9991.0;6
888200;;;ASH_COATED_OSMIUM;XIRECS;9994.0;5
888600;;;ASH_COATED_OSMIUM;XIRECS;10010.0;2
891300;;;ASH_COATED_OSMIUM;XIRECS;10003.0;3
893300;;;INTARIAN_PEPPER_ROOT;XIRECS;11896.0;5
896500;;;INTARIAN_PEPPER_ROOT;XIRECS;11900.0;3
896700;;;ASH_COATED_OSMIUM;XIRECS;9993.0;3
896900;;;ASH_COATED_OSMIUM;XIRECS;10011.0;10
897900;;;INTARIAN_PEPPER_ROOT;XIRECS;11901.0;5
898000;;;ASH_COATED_OSMIUM;XIRECS;10009.0;10
898800;;;ASH_COATED_OSMIUM;XIRECS;10008.0;4
899100;;;ASH_COATED_OSMIUM;XIRECS;9992.0;9
899600;;;ASH_COATED_OSMIUM;XIRECS;10008.0;5
901200;;;INTARIAN_PEPPER_ROOT;XIRECS;11904.0;4
902700;;;ASH_COATED_OSMIUM;XIRECS;9987.0;4
904100;;;ASH_COATED_OSMIUM;XIRECS;9991.0;3
904700;;;ASH_COATED_OSMIUM;XIRECS;10005.0;6
905100;;;INTARIAN_PEPPER_ROOT;XIRECS;11912.0;6
907700;;;ASH_COATED_OSMIUM;XIRECS;10007.0;5
911300;;;ASH_COATED_OSMIUM;XIRECS;9990.0;6
912400;;;INTARIAN_PEPPER_ROOT;XIRECS;11906.0;7
912500;;;ASH_COATED_OSMIUM;XIRECS;10007.0;5
913600;;;INTARIAN_PEPPER_ROOT;XIRECS;11910.0;6
914500;;;ASH_COATED_OSMIUM;XIRECS;9986.0;10
914700;;;ASH_COATED_OSMIUM;XIRECS;10006.0;5
915600;;;ASH_COATED_OSMIUM;XIRECS;9990.0;5
917100;;;ASH_COATED_OSMIUM;XIRECS;9990.0;6
918300;;;INTARIAN_PEPPER_ROOT;XIRECS;11921.0;3
918900;;;INTARIAN_PEPPER_ROOT;XIRECS;11925.0;3
919000;;;ASH_COATED_OSMIUM;XIRECS;10005.0;3
920000;;;ASH_COATED_OSMIUM;XIRECS;10006.0;5
921500;;;ASH_COATED_OSMIUM;XIRECS;9989.0;4
922500;;;ASH_COATED_OSMIUM;XIRECS;9988.0;5
922600;;;ASH_COATED_OSMIUM;XIRECS;10008.0;3
925200;;;ASH_COATED_OSMIUM;XIRECS;9989.0;2
928500;;;INTARIAN_PEPPER_ROOT;XIRECS;11935.0;3
929800;;;ASH_COATED_OSMIUM;XIRECS;10004.0;3
933200;;;INTARIAN_PEPPER_ROOT;XIRECS;11924.0;3
934300;;;ASH_COATED_OSMIUM;XIRECS;9990.0;6
935000;;;ASH_COATED_OSMIUM;XIRECS;10007.0;5
935200;;;ASH_COATED_OSMIUM;XIRECS;10005.0;3
936400;;;ASH_COATED_OSMIUM;XIRECS;9987.0;3
936400;;;ASH_COATED_OSMIUM;XIRECS;10006.0;6
937900;;;ASH_COATED_OSMIUM;XIRECS;10006.0;2
938200;;;INTARIAN_PEPPER_ROOT;XIRECS;11934.0;3
939300;;;ASH_COATED_OSMIUM;XIRECS;10006.0;2
939400;;;ASH_COATED_OSMIUM;XIRECS;10008.0;3
939900;;;ASH_COATED_OSMIUM;XIRECS;9990.0;4
940300;;;ASH_COATED_OSMIUM;XIRECS;9990.0;6
940900;;;ASH_COATED_OSMIUM;XIRECS;9991.0;4
940900;;;ASH_COATED_OSMIUM;XIRECS;9991.0;9
941600;;;INTARIAN_PEPPER_ROOT;XIRECS;11935.0;5
944100;;;INTARIAN_PEPPER_ROOT;XIRECS;11951.0;3
944400;;;INTARIAN_PEPPER_ROOT;XIRECS;11954.0;7
945800;;;INTARIAN_PEPPER_ROOT;XIRECS;11949.0;3
947600;;;INTARIAN_PEPPER_ROOT;XIRECS;11941.0;7
948900;;;ASH_COATED_OSMIUM;XIRECS;9995.0;4
949400;;;INTARIAN_PEPPER_ROOT;XIRECS;11945.0;6
951500;;;ASH_COATED_OSMIUM;XIRECS;9996.0;6
951800;;;INTARIAN_PEPPER_ROOT;XIRECS;11961.0;6
952000;;;ASH_COATED_OSMIUM;XIRECS;9995.0;6
952100;;;INTARIAN_PEPPER_ROOT;XIRECS;11946.0;4
952900;;;ASH_COATED_OSMIUM;XIRECS;9992.0;9
954500;;;ASH_COATED_OSMIUM;XIRECS;9995.0;5
954800;;;ASH_COATED_OSMIUM;XIRECS;10010.0;5
954800;;;ASH_COATED_OSMIUM;XIRECS;9994.0;7
955200;;;ASH_COATED_OSMIUM;XIRECS;10010.0;6
955300;;;ASH_COATED_OSMIUM;XIRECS;9995.0;6
958000;;;INTARIAN_PEPPER_ROOT;XIRECS;11964.0;3
962100;;;ASH_COATED_OSMIUM;XIRECS;10015.0;5
963100;;;INTARIAN_PEPPER_ROOT;XIRECS;11966.0;5
965400;;;INTARIAN_PEPPER_ROOT;XIRECS;11959.0;5
968200;;;ASH_COATED_OSMIUM;XIRECS;9995.0;3
968200;;;INTARIAN_PEPPER_ROOT;XIRECS;11962.0;7
968700;;;ASH_COATED_OSMIUM;XIRECS;9994.0;6
969300;;;ASH_COATED_OSMIUM;XIRECS;9995.0;3
973300;;;ASH_COATED_OSMIUM;XIRECS;9994.0;2
974400;;;INTARIAN_PEPPER_ROOT;XIRECS;11977.0;5
976100;;;INTARIAN_PEPPER_ROOT;XIRECS;11970.0;3
976700;;;INTARIAN_PEPPER_ROOT;XIRECS;11970.0;6
983900;;;ASH_COATED_OSMIUM;XIRECS;10012.0;7
984200;;;ASH_COATED_OSMIUM;XIRECS;9996.0;2
984400;;;INTARIAN_PEPPER_ROOT;XIRECS;11991.0;3
985200;;;INTARIAN_PEPPER_ROOT;XIRECS;11992.0;5
987100;;;ASH_COATED_OSMIUM;XIRECS;9996.0;6
988000;;;ASH_COATED_OSMIUM;XIRECS;10011.0;6
988100;;;ASH_COATED_OSMIUM;XIRECS;10011.0;8
991300;;;INTARIAN_PEPPER_ROOT;XIRECS;11985.0;7
991500;;;INTARIAN_PEPPER_ROOT;XIRECS;12001.0;6
994100;;;ASH_COATED_OSMIUM;XIRECS;9993.0;10
995200;;;INTARIAN_PEPPER_ROOT;XIRECS;11989.0;4
995800;;;ASH_COATED_OSMIUM;XIRECS;9993.0;6
997100;;;ASH_COATED_OSMIUM;XIRECS;10009.0;6
997800;;;ASH_COATED_OSMIUM;XIRECS;9994.0;5
998300;;;INTARIAN_PEPPER_ROOT;XIRECS;12005.0;6
