timestamp;buyer;seller;symbol;currency;price;quantity
700;;;ASH_COATED_OSMIUM;XIRECS;9990.0;6
900;;;ASH_COATED_OSMIUM;XIRECS;9998.0;2
1000;;;INTARIAN_PEPPER_ROOT;XIRECS;9995.0;7
2500;;;ASH_COATED_OSMIUM;XIRECS;10011.0;8
4000;;;INTARIAN_PEPPER_ROOT;XIRECS;10007.0;7
6100;;;ASH_COATED_OSMIUM;XIRECS;10013.0;8
10500;;;INTARIAN_PEPPER_ROOT;XIRECS;10013.0;5
12600;;;INTARIAN_PEPPER_ROOT;XIRECS;10018.0;3
12900;;;ASH_COATED_OSMIUM;XIRECS;10001.0;9
13800;;;ASH_COATED_OSMIUM;XIRECS;10017.0;3
15000;;;ASH_COATED_OSMIUM;XIRECS;10016.0;3
15000;;;INTARIAN_PEPPER_ROOT;XIRECS;10021.0;7
15100;;;ASH_COATED_OSMIUM;XIRECS;10016.0;5
15600;;;INTARIAN_PEPPER_ROOT;XIRECS;10021.0;3
15900;;;ASH_COATED_OSMIUM;XIRECS;9995.0;9
17400;;;ASH_COATED_OSMIUM;XIRECS;10014.0;4
18400;;;ASH_COATED_OSMIUM;XIRECS;10018.0;4
20200;;;INTARIAN_PEPPER_ROOT;XIRECS;10026.0;6
21500;;;INTARIAN_PEPPER_ROOT;XIRECS;10027.0;4
22600;;;INTARIAN_PEPPER_ROOT;XIRECS;10019.0;3
22600;;;INTARIAN_PEPPER_ROOT;XIRECS;10019.0;4
24000;;;ASH_COATED_OSMIUM;XIRECS;10013.0;6
28200;;;INTARIAN_PEPPER_ROOT;XIRECS;10034.0;6
28700;;;ASH_COATED_OSMIUM;XIRECS;10011.0;2
28800;;;ASH_COATED_OSMIUM;XIRECS;10011.0;10
29300;;;INTARIAN_PEPPER_ROOT;XIRECS;10021.0;6
29400;;;INTARIAN_PEPPER_ROOT;XIRECS;10035.0;7
30700;;;ASH_COATED_OSMIUM;XIRECS;10012.0;6
32400;;;ASH_COATED_OSMIUM;XIRECS;10005.0;4
32800;;;INTARIAN_PEPPER_ROOT;XIRECS;10038.0;3
33000;;;ASH_COATED_OSMIUM;XIRECS;10013.0;9
35200;;;INTARIAN_PEPPER_ROOT;XIRECS;10032.0;5
36600;;;ASH_COATED_OSMIUM;XIRECS;9997.0;6
36700;;;ASH_COATED_OSMIUM;XIRECS;10012.0;10
37900;;;INTARIAN_PEPPER_ROOT;XIRECS;10040.0;4
38600;;;INTARIAN_PEPPER_ROOT;XIRECS;10033.0;6
40500;;;ASH_COATED_OSMIUM;XIRECS;9997.0;2
42000;;;ASH_COATED_OSMIUM;XIRECS;10006.0;4
42500;;;INTARIAN_PEPPER_ROOT;XIRECS;10037.0;3
44200;;;ASH_COATED_OSMIUM;XIRECS;10014.0;2
45600;;;ASH_COATED_OSMIUM;XIRECS;10011.0;4
45900;;;INTARIAN_PEPPER_ROOT;XIRECS;10038.0;6
46400;;;INTARIAN_PEPPER_ROOT;XIRECS;10049.0;4
48000;;;ASH_COATED_OSMIUM;XIRECS;10014.0;10
50000;;;ASH_COATED_OSMIUM;XIRECS;10008.0;3
50800;;;ASH_COATED_OSMIUM;XIRECS;10015.0;5
51400;;;ASH_COATED_OSMIUM;XIRECS;10018.0;8
52900;;;INTARIAN_PEPPER_ROOT;XIRECS;10049.0;6
53000;;;INTARIAN_PEPPER_ROOT;XIRECS;10049.0;6
53800;;;ASH_COATED_OSMIUM;XIRECS;9999.0;10
53800;;;INTARIAN_PEPPER_ROOT;XIRECS;10048.0;4
55300;;;INTARIAN_PEPPER_ROOT;XIRECS;10052.0;7
55900;;;ASH_COATED_OSMIUM;XIRECS;10013.0;6
57200;;;INTARIAN_PEPPER_ROOT;XIRECS;10060.0;8
57600;;;ASH_COATED_OSMIUM;XIRECS;9998.0;6
60900;;;INTARIAN_PEPPER_ROOT;XIRECS;10066.0;6
61700;;;INTARIAN_PEPPER_ROOT;XIRECS;10064.0;5
64800;;;INTARIAN_PEPPER_ROOT;XIRECS;10059.0;7
67300;;;ASH_COATED_OSMIUM;XIRECS;9989.0;8
69400;;;ASH_COATED_OSMIUM;XIRECS;9987.0;5
71700;;;ASH_COATED_OSMIUM;XIRECS;9990.0;8
72400;;;INTARIAN_PEPPER_ROOT;XIRECS;10067.0;5
72900;;;ASH_COATED_OSMIUM;XIRECS;9990.0;9
73400;;;INTARIAN_PEPPER_ROOT;XIRECS;10079.0;3
73900;;;ASH_COATED_OSMIUM;XIRECS;9991.0;7
74500;;;ASH_COATED_OSMIUM;XIRECS;10007.0;9
76000;;;ASH_COATED_OSMIUM;XIRECS;10008.0;7
79600;;;ASH_COATED_OSMIUM;XIRECS;10008.0;6
81200;;;ASH_COATED_OSMIUM;XIRECS;9991.0;6
84600;;;ASH_COATED_OSMIUM;XIRECS;9990.0;2
86100;;;ASH_COATED_OSMIUM;XIRECS;10007.0;6
86200;;;ASH_COATED_OSMIUM;XIRECS;9991.0;4
86600;;;INTARIAN_PEPPER_ROOT;XIRECS;10083.0;3
88100;;;INTARIAN_PEPPER_ROOT;XIRECS;10094.0;6
89000;;;INTARIAN_PEPPER_ROOT;XIRECS;10095.0;6
91200;;;INTARIAN_PEPPER_ROOT;XIRECS;10086.0;5
91900;;;INTARIAN_PEPPER_ROOT;XIRECS;10084.0;7
94000;;;ASH_COATED_OSMIUM;XIRECS;10004.0;8
94400;;;ASH_COATED_OSMIUM;XIRECS;10004.0;3
96300;;;ASH_COATED_OSMIUM;XIRECS;10006.0;8
97200;;;ASH_COATED_OSMIUM;XIRECS;9994.0;4
97600;;;ASH_COATED_OSMIUM;XIRECS;9999.0;3
98200;;;ASH_COATED_OSMIUM;XIRECS;9990.0;3
98600;;;INTARIAN_PEPPER_ROOT;XIRECS;10101.0;3
100100;;;ASH_COATED_OSMIUM;XIRECS;9993.0;3
101700;;;ASH_COATED_OSMIUM;XIRECS;10001.0;5
102000;;;INTARIAN_PEPPER_ROOT;XIRECS;10096.0;7
103900;;;ASH_COATED_OSMIUM;XIRECS;10004.0;4
105100;;;ASH_COATED_OSMIUM;XIRECS;9990.0;8
105200;;;ASH_COATED_OSMIUM;XIRECS;10005.0;3
106000;;;ASH_COATED_OSMIUM;XIRECS;9989.0;4
107900;;;ASH_COATED_OSMIUM;XIRECS;9991.0;6
108200;;;INTARIAN_PEPPER_ROOT;XIRECS;10114.0;6
108800;;;ASH_COATED_OSMIUM;XIRECS;9990.0;9
111800;;;ASH_COATED_OSMIUM;XIRECS;9989.0;6
113300;;;ASH_COATED_OSMIUM;XIRECS;9995.0;5
113500;;;ASH_COATED_OSMIUM;XIRECS;10010.0;4
114100;;;ASH_COATED_OSMIUM;XIRECS;10011.0;10
114500;;;INTARIAN_PEPPER_ROOT;XIRECS;10120.0;4
117700;;;INTARIAN_PEPPER_ROOT;XIRECS;10114.0;8
118900;;;ASH_COATED_OSMIUM;XIRECS;9993.0;3
119100;;;ASH_COATED_OSMIUM;XIRECS;10010.0;4
120000;;;ASH_COATED_OSMIUM;XIRECS;10010.0;8
120900;;;ASH_COATED_OSMIUM;XIRECS;10010.0;6
122900;;;ASH_COATED_OSMIUM;XIRECS;9991.0;3
123300;;;INTARIAN_PEPPER_ROOT;XIRECS;10129.0;4
125200;;;ASH_COATED_OSMIUM;XIRECS;10007.0;3
125400;;;ASH_COATED_OSMIUM;XIRECS;9990.0;3
129400;;;INTARIAN_PEPPER_ROOT;XIRECS;10132.0;5
130000;;;INTARIAN_PEPPER_ROOT;XIRECS;10124.0;4
131400;;;INTARIAN_PEPPER_ROOT;XIRECS;10139.0;5
133100;;;ASH_COATED_OSMIUM;XIRECS;9991.0;8
134600;;;INTARIAN_PEPPER_ROOT;XIRECS;10129.0;5
135800;;;ASH_COATED_OSMIUM;XIRECS;9992.0;2
136200;;;INTARIAN_PEPPER_ROOT;XIRECS;10139.0;7
137500;;;ASH_COATED_OSMIUM;XIRECS;9992.0;5
139000;;;ASH_COATED_OSMIUM;XIRECS;9988.0;6
141800;;;INTARIAN_PEPPER_ROOT;XIRECS;10136.0;5
144100;;;INTARIAN_PEPPER_ROOT;XIRECS;10136.0;3
148600;;;INTARIAN_PEPPER_ROOT;XIRECS;10154.0;7
149300;;;INTARIAN_PEPPER_ROOT;XIRECS;10144.0;3
149800;;;ASH_COATED_OSMIUM;XIRECS;10007.0;6
155500;;;INTARIAN_PEPPER_ROOT;XIRECS;10152.0;4
156300;;;INTARIAN_PEPPER_ROOT;XIRECS;10151.0;3
156800;;;INTARIAN_PEPPER_ROOT;XIRECS;10159.0;3
157000;;;ASH_COATED_OSMIUM;XIRECS;10005.0;3
159700;;;INTARIAN_PEPPER_ROOT;XIRECS;10156.0;7
160300;;;ASH_COATED_OSMIUM;XIRECS;10004.0;5
161600;;;ASH_COATED_OSMIUM;XIRECS;10005.0;2
165400;;;INTARIAN_PEPPER_ROOT;XIRECS;10171.0;4
169300;;;INTARIAN_PEPPER_ROOT;XIRECS;10164.0;3
173600;;;ASH_COATED_OSMIUM;XIRECS;9992.0;5
174200;;;ASH_COATED_OSMIUM;XIRECS;10007.0;3
175000;;;ASH_COATED_OSMIUM;XIRECS;9998.0;3
175000;;;INTARIAN_PEPPER_ROOT;XIRECS;10181.0;3
175400;;;ASH_COATED_OSMIUM;XIRECS;10011.0;4
178600;;;INTARIAN_PEPPER_ROOT;XIRECS;10175.0;4
179600;;;ASH_COATED_OSMIUM;XIRECS;10009.0;10
183600;;;ASH_COATED_OSMIUM;XIRECS;10010.0;10
184400;;;ASH_COATED_OSMIUM;XIRECS;10010.0;5
184500;;;INTARIAN_PEPPER_ROOT;XIRECS;10190.0;7
184800;;;ASH_COATED_OSMIUM;XIRECS;9993.0;2
184900;;;INTARIAN_PEPPER_ROOT;XIRECS;10177.0;3
185600;;;INTARIAN_PEPPER_ROOT;XIRECS;10191.0;5
186400;;;ASH_COATED_OSMIUM;XIRECS;9992.0;5
189700;;;INTARIAN_PEPPER_ROOT;XIRECS;10192.0;6
190100;;;ASH_COATED_OSMIUM;XIRECS;10009.0;3
190200;;;INTARIAN_PEPPER_ROOT;XIRECS;10196.0;3
190800;;;ASH_COATED_OSMIUM;XIRECS;9991.0;6
192800;;;ASH_COATED_OSMIUM;XIRECS;10006.0;5
193900;;;INTARIAN_PEPPER_ROOT;XIRECS;10199.0;6
194700;;;ASH_COATED_OSMIUM;XIRECS;9989.0;9
197100;;;ASH_COATED_OSMIUM;XIRECS;9987.0;3
200600;;;ASH_COATED_OSMIUM;XIRECS;10000.0;6
202400;;;INTARIAN_PEPPER_ROOT;XIRECS;10197.0;6
202700;;;ASH_COATED_OSMIUM;XIRECS;9987.0;2
203300;;;INTARIAN_PEPPER_ROOT;XIRECS;10198.0;6
203500;;;ASH_COATED_OSMIUM;XIRECS;9996.0;3
205000;;;INTARIAN_PEPPER_ROOT;XIRECS;10208.0;7
206100;;;INTARIAN_PEPPER_ROOT;XIRECS;10203.0;6
206400;;;INTARIAN_PEPPER_ROOT;XIRECS;10203.0;4
206500;;;ASH_COATED_OSMIUM;XIRECS;9985.0;3
207300;;;INTARIAN_PEPPER_ROOT;XIRECS;10202.0;5
207600;;;ASH_COATED_OSMIUM;XIRECS;10003.0;2
208200;;;INTARIAN_PEPPER_ROOT;XIRECS;10203.0;7
208500;;;ASH_COATED_OSMIUM;XIRECS;10003.0;9
208700;;;INTARIAN_PEPPER_ROOT;XIRECS;10203.0;4
210300;;;INTARIAN_PEPPER_ROOT;XIRECS;10216.0;5
211000;;;ASH_COATED_OSMIUM;XIRECS;9987.0;2
212300;;;INTARIAN_PEPPER_ROOT;XIRECS;10218.0;6
216000;;;ASH_COATED_OSMIUM;XIRECS;9990.0;6
216600;;;ASH_COATED_OSMIUM;XIRECS;10006.0;5
218400;;;INTARIAN_PEPPER_ROOT;XIRECS;10213.0;7
219700;;;INTARIAN_PEPPER_ROOT;XIRECS;10225.0;3
219900;;;INTARIAN_PEPPER_ROOT;XIRECS;10214.0;3
220300;;;ASH_COATED_OSMIUM;XIRECS;10000.0;2
221200;;;ASH_COATED_OSMIUM;XIRECS;9992.0;3
221200;;;INTARIAN_PEPPER_ROOT;XIRECS;10218.0;8
221600;;;INTARIAN_PEPPER_ROOT;XIRECS;10227.0;6
224200;;;ASH_COATED_OSMIUM;XIRECS;10009.0;4
225400;;;INTARIAN_PEPPER_ROOT;XIRECS;10228.0;3
225700;;;ASH_COATED_OSMIUM;XIRECS;10007.0;4
226400;;;INTARIAN_PEPPER_ROOT;XIRECS;10232.0;5
231300;;;INTARIAN_PEPPER_ROOT;XIRECS;10234.0;7
231500;;;INTARIAN_PEPPER_ROOT;XIRECS;10226.0;5
231600;;;INTARIAN_PEPPER_ROOT;XIRECS;10237.0;4
232000;;;ASH_COATED_OSMIUM;XIRECS;10006.0;4
232100;;;ASH_COATED_OSMIUM;XIRECS;9990.0;2
234600;;;INTARIAN_PEPPER_ROOT;XIRECS;10229.0;5
235900;;;INTARIAN_PEPPER_ROOT;XIRECS;10244.0;6
236400;;;ASH_COATED_OSMIUM;XIRECS;10006.0;9
236600;;;ASH_COATED_OSMIUM;XIRECS;9990.0;10
236800;;;ASH_COATED_OSMIUM;XIRECS;10006.0;2
241600;;;INTARIAN_PEPPER_ROOT;XIRECS;10247.0;7
242400;;;ASH_COATED_OSMIUM;XIRECS;10008.0;5
242600;;;ASH_COATED_OSMIUM;XIRECS;10005.0;4
243300;;;INTARIAN_PEPPER_ROOT;XIRECS;10246.0;4
244000;;;ASH_COATED_OSMIUM;XIRECS;10005.0;2
245900;;;ASH_COATED_OSMIUM;XIRECS;9990.0;3
246100;;;INTARIAN_PEPPER_ROOT;XIRECS;10240.0;5
248400;;;INTARIAN_PEPPER_ROOT;XIRECS;10257.0;7
249700;;;ASH_COATED_OSMIUM;XIRECS;9990.0;4
250000;;;INTARIAN_PEPPER_ROOT;XIRECS;10244.0;5
250900;;;INTARIAN_PEPPER_ROOT;XIRECS;10257.0;7
253000;;;ASH_COATED_OSMIUM;XIRECS;10007.0;2
253000;;;INTARIAN_PEPPER_ROOT;XIRECS;10249.0;4
254100;;;ASH_COATED_OSMIUM;XIRECS;10000.0;4
254400;;;ASH_COATED_OSMIUM;XIRECS;9995.0;2
255200;;;ASH_COATED_OSMIUM;XIRECS;9989.0;2
257500;;;ASH_COATED_OSMIUM;XIRECS;10004.0;5
260000;;;ASH_COATED_OSMIUM;XIRECS;10003.0;7
260800;;;ASH_COATED_OSMIUM;XIRECS;9987.0;3
261600;;;ASH_COATED_OSMIUM;XIRECS;10003.0;4
262700;;;INTARIAN_PEPPER_ROOT;XIRECS;10265.0;3
263500;;;ASH_COATED_OSMIUM;XIRECS;9986.0;3
264000;;;INTARIAN_PEPPER_ROOT;XIRECS;10260.0;6
265700;;;INTARIAN_PEPPER_ROOT;XIRECS;10274.0;4
268700;;;INTARIAN_PEPPER_ROOT;XIRECS;10265.0;5
269500;;;ASH_COATED_OSMIUM;XIRECS;10002.0;2
274300;;;ASH_COATED_OSMIUM;XIRECS;9985.0;5
275500;;;INTARIAN_PEPPER_ROOT;XIRECS;10270.0;6
281200;;;ASH_COATED_OSMIUM;XIRECS;9983.0;3
281300;;;ASH_COATED_OSMIUM;XIRECS;9983.0;4
281600;;;ASH_COATED_OSMIUM;XIRECS;10000.0;5
282300;;;INTARIAN_PEPPER_ROOT;XIRECS;10277.0;5
282600;;;ASH_COATED_OSMIUM;XIRECS;10002.0;6
283000;;;INTARIAN_PEPPER_ROOT;XIRECS;10289.0;5
285400;;;ASH_COATED_OSMIUM;XIRECS;9987.0;10
286200;;;INTARIAN_PEPPER_ROOT;XIRECS;10292.0;4
288300;;;ASH_COATED_OSMIUM;XIRECS;10001.0;7
288800;;;INTARIAN_PEPPER_ROOT;XIRECS;10283.0;5
289000;;;INTARIAN_PEPPER_ROOT;XIRECS;10292.0;5
289400;;;ASH_COATED_OSMIUM;XIRECS;9986.0;6
291200;;;ASH_COATED_OSMIUM;XIRECS;9986.0;7
292200;;;ASH_COATED_OSMIUM;XIRECS;9986.0;2
292300;;;INTARIAN_PEPPER_ROOT;XIRECS;10298.0;7
295100;;;INTARIAN_PEPPER_ROOT;XIRECS;10292.0;7
295400;;;ASH_COATED_OSMIUM;XIRECS;10001.0;6
297600;;;ASH_COATED_OSMIUM;XIRECS;10003.0;6
298600;;;ASH_COATED_OSMIUM;XIRECS;10006.0;2
298900;;;INTARIAN_PEPPER_ROOT;XIRECS;10291.0;3
300000;;;ASH_COATED_OSMIUM;XIRECS;10000.0;6
300900;;;ASH_COATED_OSMIUM;XIRECS;9982.0;10
301900;;;INTARIAN_PEPPER_ROOT;XIRECS;10310.0;7
302000;;;ASH_COATED_OSMIUM;XIRECS;9981.0;6
303700;;;ASH_COATED_OSMIUM;XIRECS;10000.0;5
304000;;;ASH_COATED_OSMIUM;XIRECS;10000.0;5
306100;;;ASH_COATED_OSMIUM;XIRECS;9985.0;9
306400;;;ASH_COATED_OSMIUM;XIRECS;10001.0;7
311700;;;INTARIAN_PEPPER_ROOT;XIRECS;10317.0;7
313600;;;INTARIAN_PEPPER_ROOT;XIRECS;10310.0;4
313700;;;ASH_COATED_OSMIUM;XIRECS;10000.0;4
314200;;;ASH_COATED_OSMIUM;XIRECS;10000.0;4
314500;;;INTARIAN_PEPPER_ROOT;XIRECS;10309.0;5
314800;;;INTARIAN_PEPPER_ROOT;XIRECS;10311.0;4
315300;;;ASH_COATED_OSMIUM;XIRECS;10000.0;6
316200;;;ASH_COATED_OSMIUM;XIRECS;9985.0;3
318800;;;ASH_COATED_OSMIUM;XIRECS;9986.0;7
321000;;;INTARIAN_PEPPER_ROOT;XIRECS;10317.0;6
321100;;;ASH_COATED_OSMIUM;XIRECS;10002.0;6
324600;;;ASH_COATED_OSMIUM;XIRECS;10002.0;6
324800;;;INTARIAN_PEPPER_ROOT;XIRECS;10319.0;4
326300;;;INTARIAN_PEPPER_ROOT;XIRECS;10321.0;7
329100;;;INTARIAN_PEPPER_ROOT;XIRECS;10332.0;6
330800;;;ASH_COATED_OSMIUM;XIRECS;9982.0;6
333400;;;ASH_COATED_OSMIUM;XIRECS;9983.0;10
333600;;;ASH_COATED_OSMIUM;XIRECS;9999.0;5
334500;;;INTARIAN_PEPPER_ROOT;XIRECS;10331.0;5
336400;;;INTARIAN_PEPPER_ROOT;XIRECS;10342.0;5
340200;;;INTARIAN_PEPPER_ROOT;XIRECS;10348.0;3
342200;;;INTARIAN_PEPPER_ROOT;XIRECS;10350.0;7
344500;;;INTARIAN_PEPPER_ROOT;XIRECS;10339.0;7
344500;;;INTARIAN_PEPPER_ROOT;XIRECS;10341.0;8
345500;;;INTARIAN_PEPPER_ROOT;XIRECS;10340.0;6
346700;;;ASH_COATED_OSMIUM;XIRECS;9979.0;3
346700;;;INTARIAN_PEPPER_ROOT;XIRECS;10338.0;3
347100;;;INTARIAN_PEPPER_ROOT;XIRECS;10355.0;7
348000;;;INTARIAN_PEPPER_ROOT;XIRECS;10351.0;4
349500;;;ASH_COATED_OSMIUM;XIRECS;9999.0;6
349500;;;INTARIAN_PEPPER_ROOT;XIRECS;10344.0;7
350200;;;INTARIAN_PEPPER_ROOT;XIRECS;10356.0;5
351800;;;ASH_COATED_OSMIUM;XIRECS;10003.0;4
352000;;;INTARIAN_PEPPER_ROOT;XIRECS;10355.0;8
354200;;;ASH_COATED_OSMIUM;XIRECS;9986.0;6
354700;;;ASH_COATED_OSMIUM;XIRECS;10003.0;4
355900;;;ASH_COATED_OSMIUM;XIRECS;10006.0;6
357200;;;INTARIAN_PEPPER_ROOT;XIRECS;10352.0;6
358100;;;INTARIAN_PEPPER_ROOT;XIRECS;10360.0;7
361700;;;ASH_COATED_OSMIUM;XIRECS;10005.0;2
362100;;;INTARIAN_PEPPER_ROOT;XIRECS;10356.0;6
363400;;;INTARIAN_PEPPER_ROOT;XIRECS;10358.0;5
364000;;;ASH_COATED_OSMIUM;XIRECS;10007.0;9
367100;;;ASH_COATED_OSMIUM;XIRECS;10007.0;5
368100;;;ASH_COATED_OSMIUM;XIRECS;10009.0;6
370400;;;ASH_COATED_OSMIUM;XIRECS;9993.0;6
370700;;;ASH_COATED_OSMIUM;XIRECS;9993.0;8
372600;;;ASH_COATED_OSMIUM;XIRECS;9990.0;6
372700;;;INTARIAN_PEPPER_ROOT;XIRECS;10364.0;3
377700;;;INTARIAN_PEPPER_ROOT;XIRECS;10383.0;6
377800;;;ASH_COATED_OSMIUM;XIRECS;10008.0;7
379600;;;ASH_COATED_OSMIUM;XIRECS;9994.0;2
382000;;;INTARIAN_PEPPER_ROOT;XIRECS;10388.0;5
383600;;;INTARIAN_PEPPER_ROOT;XIRECS;10380.0;3
385000;;;ASH_COATED_OSMIUM;XIRECS;10005.0;4
387100;;;ASH_COATED_OSMIUM;XIRECS;10010.0;3
387100;;;ASH_COATED_OSMIUM;XIRECS;9994.0;5
387800;;;INTARIAN_PEPPER_ROOT;XIRECS;10393.0;5
388800;;;INTARIAN_PEPPER_ROOT;XIRECS;10383.0;3
390000;;;ASH_COATED_OSMIUM;XIRECS;9995.0;5
391500;;;ASH_COATED_OSMIUM;XIRECS;9992.0;7
394100;;;ASH_COATED_OSMIUM;XIRECS;10013.0;7
394900;;;INTARIAN_PEPPER_ROOT;XIRECS;10387.0;7
395400;;;INTARIAN_PEPPER_ROOT;XIRECS;10398.0;7
395900;;;ASH_COATED_OSMIUM;XIRECS;9996.0;3
396000;;;INTARIAN_PEPPER_ROOT;XIRECS;10390.0;4
396400;;;ASH_COATED_OSMIUM;XIRECS;9996.0;8
399900;;;ASH_COATED_OSMIUM;XIRECS;9995.0;9
401400;;;ASH_COATED_OSMIUM;XIRECS;9995.0;6
402300;;;ASH_COATED_OSMIUM;XIRECS;10014.0;7
402600;;;INTARIAN_PEPPER_ROOT;XIRECS;10394.0;3
402900;;;INTARIAN_PEPPER_ROOT;XIRECS;10397.0;7
403200;;;ASH_COATED_OSMIUM;XIRECS;9999.0;5
403700;;;INTARIAN_PEPPER_ROOT;XIRECS;10395.0;5
404200;;;ASH_COATED_OSMIUM;XIRECS;10010.0;6
407200;;;INTARIAN_PEPPER_ROOT;XIRECS;10404.0;7
407500;;;INTARIAN_PEPPER_ROOT;XIRECS;10413.0;5
410900;;;INTARIAN_PEPPER_ROOT;XIRECS;10417.0;3
412200;;;ASH_COATED_OSMIUM;XIRECS;9997.0;2
413000;;;INTARIAN_PEPPER_ROOT;XIRECS;10416.0;3
414900;;;ASH_COATED_OSMIUM;XIRECS;9998.0;8
416800;;;ASH_COATED_OSMIUM;XIRECS;10018.0;9
417000;;;ASH_COATED_OSMIUM;XIRECS;10000.0;6
418000;;;ASH_COATED_OSMIUM;XIRECS;10018.0;6
419500;;;INTARIAN_PEPPER_ROOT;XIRECS;10425.0;6
430400;;;INTARIAN_PEPPER_ROOT;XIRECS;10422.0;5
433200;;;INTARIAN_PEPPER_ROOT;XIRECS;10439.0;7
433600;;;INTARIAN_PEPPER_ROOT;XIRECS;10442.0;7
434800;;;INTARIAN_PEPPER_ROOT;XIRECS;10441.0;4
436300;;;ASH_COATED_OSMIUM;XIRECS;9999.0;3
438600;;;ASH_COATED_OSMIUM;XIRECS;9995.0;6
439300;;;ASH_COATED_OSMIUM;XIRECS;9992.0;10
441100;;;ASH_COATED_OSMIUM;XIRECS;9994.0;7
442400;;;INTARIAN_PEPPER_ROOT;XIRECS;10439.0;8
443400;;;INTARIAN_PEPPER_ROOT;XIRECS;10440.0;6
444100;;;ASH_COATED_OSMIUM;XIRECS;10008.0;4
447000;;;ASH_COATED_OSMIUM;XIRECS;10009.0;9
449800;;;ASH_COATED_OSMIUM;XIRECS;9989.0;3
450700;;;ASH_COATED_OSMIUM;XIRECS;10007.0;6
452000;;;ASH_COATED_OSMIUM;XIRECS;10006.0;2
453900;;;ASH_COATED_OSMIUM;XIRECS;9992.0;2
454100;;;ASH_COATED_OSMIUM;XIRECS;10007.0;6
454200;;;ASH_COATED_OSMIUM;XIRECS;9997.0;3
454800;;;ASH_COATED_OSMIUM;XIRECS;9993.0;4
455100;;;ASH_COATED_OSMIUM;XIRECS;9993.0;7
455800;;;ASH_COATED_OSMIUM;XIRECS;9993.0;5
457900;;;INTARIAN_PEPPER_ROOT;XIRECS;10452.0;4
460600;;;ASH_COATED_OSMIUM;XIRECS;10010.0;6
461000;;;INTARIAN_PEPPER_ROOT;XIRECS;10467.0;5
462400;;;ASH_COATED_OSMIUM;XIRECS;10010.0;6
463200;;;ASH_COATED_OSMIUM;XIRECS;9993.0;3
467000;;;INTARIAN_PEPPER_ROOT;XIRECS;10473.0;6
468800;;;INTARIAN_PEPPER_ROOT;XIRECS;10463.0;6
469100;;;INTARIAN_PEPPER_ROOT;XIRECS;10463.0;3
469900;;;ASH_COATED_OSMIUM;XIRECS;9992.0;2
472500;;;ASH_COATED_OSMIUM;XIRECS;9994.0;5
472900;;;INTARIAN_PEPPER_ROOT;XIRECS;10467.0;3
473000;;;ASH_COATED_OSMIUM;XIRECS;10010.0;5
473700;;;INTARIAN_PEPPER_ROOT;XIRECS;10468.0;3
475500;;;INTARIAN_PEPPER_ROOT;XIRECS;10481.0;7
475900;;;ASH_COATED_OSMIUM;XIRECS;10009.0;5
478200;;;INTARIAN_PEPPER_ROOT;XIRECS;10481.0;6
479000;;;ASH_COATED_OSMIUM;XIRECS;9991.0;2
479500;;;ASH_COATED_OSMIUM;XIRECS;10010.0;4
481100;;;ASH_COATED_OSMIUM;XIRECS;9995.0;3
481300;;;INTARIAN_PEPPER_ROOT;XIRECS;10490.0;4
481400;;;ASH_COATED_OSMIUM;XIRECS;9994.0;6
483200;;;ASH_COATED_OSMIUM;XIRECS;10011.0;3
485200;;;ASH_COATED_OSMIUM;XIRECS;10012.0;4
486000;;;ASH_COATED_OSMIUM;XIRECS;9992.0;4
487400;;;INTARIAN_PEPPER_ROOT;XIRECS;10493.0;6
489600;;;INTARIAN_PEPPER_ROOT;XIRECS;10486.0;6
491100;;;ASH_COATED_OSMIUM;XIRECS;10003.0;2
493600;;;ASH_COATED_OSMIUM;XIRECS;9986.0;3
495400;;;ASH_COATED_OSMIUM;XIRECS;10005.0;3
496700;;;ASH_COATED_OSMIUM;XIRECS;9988.0;3
498400;;;ASH_COATED_OSMIUM;XIRECS;9985.0;4
499700;;;ASH_COATED_OSMIUM;XIRECS;10002.0;9
501200;;;INTARIAN_PEPPER_ROOT;XIRECS;10507.0;5
502300;;;INTARIAN_PEPPER_ROOT;XIRECS;10497.0;3
503300;;;ASH_COATED_OSMIUM;XIRECS;9983.0;3
504200;;;ASH_COATED_OSMIUM;XIRECS;9986.0;6
505500;;;INTARIAN_PEPPER_ROOT;XIRECS;10511.0;5
506600;;;ASH_COATED_OSMIUM;XIRECS;9984.0;7
507600;;;INTARIAN_PEPPER_ROOT;XIRECS;10513.0;3
508100;;;INTARIAN_PEPPER_ROOT;XIRECS;10511.0;6
509500;;;INTARIAN_PEPPER_ROOT;XIRECS;10504.0;5
511400;;;INTARIAN_PEPPER_ROOT;XIRECS;10508.0;3
512000;;;INTARIAN_PEPPER_ROOT;XIRECS;10506.0;3
512400;;;ASH_COATED_OSMIUM;XIRECS;10000.0;7
514700;;;INTARIAN_PEPPER_ROOT;XIRECS;10509.0;7
515100;;;ASH_COATED_OSMIUM;XIRECS;9984.0;6
515800;;;ASH_COATED_OSMIUM;XIRECS;9982.0;6
516500;;;ASH_COATED_OSMIUM;XIRECS;9997.0;3
517000;;;ASH_COATED_OSMIUM;XIRECS;9998.0;4
520500;;;INTARIAN_PEPPER_ROOT;XIRECS;10515.0;6
522200;;;INTARIAN_PEPPER_ROOT;XIRECS;10516.0;6
523000;;;INTARIAN_PEPPER_ROOT;XIRECS;10519.0;8
524900;;;ASH_COATED_OSMIUM;XIRECS;9986.0;3
525600;;;ASH_COATED_OSMIUM;XIRECS;9986.0;8
526200;;;INTARIAN_PEPPER_ROOT;XIRECS;10523.0;3
526400;;;ASH_COATED_OSMIUM;XIRECS;10006.0;4
526900;;;ASH_COATED_OSMIUM;XIRECS;9986.0;6
528000;;;INTARIAN_PEPPER_ROOT;XIRECS;10524.0;4
528200;;;ASH_COATED_OSMIUM;XIRECS;9986.0;4
528400;;;ASH_COATED_OSMIUM;XIRECS;10002.0;6
529500;;;ASH_COATED_OSMIUM;XIRECS;9987.0;9
530100;;;INTARIAN_PEPPER_ROOT;XIRECS;10533.0;6
530500;;;ASH_COATED_OSMIUM;XIRECS;10003.0;4
531300;;;ASH_COATED_OSMIUM;XIRECS;9987.0;6
532800;;;ASH_COATED_OSMIUM;XIRECS;9992.0;2
532900;;;ASH_COATED_OSMIUM;XIRECS;10002.0;4
533500;;;INTARIAN_PEPPER_ROOT;XIRECS;10528.0;7
533800;;;INTARIAN_PEPPER_ROOT;XIRECS;10540.0;6
534200;;;ASH_COATED_OSMIUM;XIRECS;9986.0;6
535700;;;INTARIAN_PEPPER_ROOT;XIRECS;10532.0;5
537900;;;ASH_COATED_OSMIUM;XIRECS;9985.0;10
537900;;;INTARIAN_PEPPER_ROOT;XIRECS;10540.0;6
539300;;;ASH_COATED_OSMIUM;XIRECS;10003.0;8
543000;;;INTARIAN_PEPPER_ROOT;XIRECS;10546.0;7
543700;;;ASH_COATED_OSMIUM;XIRECS;9984.0;6
543700;;;ASH_COATED_OSMIUM;XIRECS;9984.0;6
543900;;;ASH_COATED_OSMIUM;XIRECS;9984.0;2
545000;;;INTARIAN_PEPPER_ROOT;XIRECS;10551.0;7
545500;;;ASH_COATED_OSMIUM;XIRECS;9992.0;3
546300;;;ASH_COATED_OSMIUM;XIRECS;10001.0;3
546800;;;INTARIAN_PEPPER_ROOT;XIRECS;10553.0;7
547100;;;INTARIAN_PEPPER_ROOT;XIRECS;10543.0;5
547500;;;ASH_COATED_OSMIUM;XIRECS;9982.0;8
547700;;;INTARIAN_PEPPER_ROOT;XIRECS;10553.0;7
548400;;;ASH_COATED_OSMIUM;XIRECS;9979.0;9
549600;;;ASH_COATED_OSMIUM;XIRECS;9998.0;5
550400;;;INTARIAN_PEPPER_ROOT;XIRECS;10559.0;7
551300;;;ASH_COATED_OSMIUM;XIRECS;9984.0;5
554800;;;ASH_COATED_OSMIUM;XIRECS;9998.0;2
556700;;;ASH_COATED_OSMIUM;XIRECS;9984.0;6
557600;;;ASH_COATED_OSMIUM;XIRECS;9999.0;4
560900;;;INTARIAN_PEPPER_ROOT;XIRECS;10567.0;7
565000;;;ASH_COATED_OSMIUM;XIRECS;9999.0;4
566200;;;ASH_COATED_OSMIUM;XIRECS;9983.0;10
567300;;;ASH_COATED_OSMIUM;XIRECS;10001.0;8
570300;;;INTARIAN_PEPPER_ROOT;XIRECS;10565.0;4
571800;;;ASH_COATED_OSMIUM;XIRECS;9986.0;3
571800;;;INTARIAN_PEPPER_ROOT;XIRECS;10574.0;3
573700;;;ASH_COATED_OSMIUM;XIRECS;9988.0;10
573900;;;ASH_COATED_OSMIUM;XIRECS;10007.0;5
574400;;;INTARIAN_PEPPER_ROOT;XIRECS;10577.0;6
574500;;;ASH_COATED_OSMIUM;XIRECS;10007.0;6
575600;;;INTARIAN_PEPPER_ROOT;XIRECS;10570.0;5
578700;;;ASH_COATED_OSMIUM;XIRECS;9993.0;4
583100;;;INTARIAN_PEPPER_ROOT;XIRECS;10589.0;5
583300;;;ASH_COATED_OSMIUM;XIRECS;9987.0;6
585300;;;INTARIAN_PEPPER_ROOT;XIRECS;10580.0;7
586100;;;INTARIAN_PEPPER_ROOT;XIRECS;10592.0;6
586900;;;INTARIAN_PEPPER_ROOT;XIRECS;10581.0;6
587000;;;ASH_COATED_OSMIUM;XIRECS;9999.0;6
590600;;;INTARIAN_PEPPER_ROOT;XIRECS;10596.0;5
593300;;;INTARIAN_PEPPER_ROOT;XIRECS;10588.0;3
597300;;;INTARIAN_PEPPER_ROOT;XIRECS;10603.0;3
597600;;;INTARIAN_PEPPER_ROOT;XIRECS;10592.0;4
599500;;;ASH_COATED_OSMIUM;XIRECS;9996.0;3
601400;;;INTARIAN_PEPPER_ROOT;XIRECS;10596.0;6
601700;;;INTARIAN_PEPPER_ROOT;XIRECS;10610.0;3
606100;;;ASH_COATED_OSMIUM;XIRECS;9983.0;4
609200;;;INTARIAN_PEPPER_ROOT;XIRECS;10618.0;3
609300;;;ASH_COATED_OSMIUM;XIRECS;9983.0;6
610400;;;INTARIAN_PEPPER_ROOT;XIRECS;10613.0;7
610500;;;ASH_COATED_OSMIUM;XIRECS;9996.0;4
611200;;;INTARIAN_PEPPER_ROOT;XIRECS;10608.0;4
611500;;;ASH_COATED_OSMIUM;XIRECS;9986.0;8
612200;;;ASH_COATED_OSMIUM;XIRECS;10004.0;3
612600;;;INTARIAN_PEPPER_ROOT;XIRECS;10604.0;5
613000;;;INTARIAN_PEPPER_ROOT;XIRECS;10621.0;3
613900;;;INTARIAN_PEPPER_ROOT;XIRECS;10620.0;5
614900;;;INTARIAN_PEPPER_ROOT;XIRECS;10611.0;5
615400;;;INTARIAN_PEPPER_ROOT;XIRECS;10610.0;5
623800;;;ASH_COATED_OSMIUM;XIRECS;10003.0;5
624100;;;ASH_COATED_OSMIUM;XIRECS;9987.0;4
624700;;;ASH_COATED_OSMIUM;XIRECS;10004.0;4
625500;;;INTARIAN_PEPPER_ROOT;XIRECS;10631.0;3
628300;;;INTARIAN_PEPPER_ROOT;XIRECS;10622.0;5
628400;;;INTARIAN_PEPPER_ROOT;XIRECS;10620.0;6
628700;;;INTARIAN_PEPPER_ROOT;XIRECS;10631.0;5
631400;;;INTARIAN_PEPPER_ROOT;XIRECS;10637.0;4
635000;;;ASH_COATED_OSMIUM;XIRECS;10007.0;9
636400;;;INTARIAN_PEPPER_ROOT;XIRECS;10642.0;3
637400;;;ASH_COATED_OSMIUM;XIRECS;9989.0;2
638000;;;ASH_COATED_OSMIUM;XIRECS;9987.0;8
639200;;;INTARIAN_PEPPER_ROOT;XIRECS;10631.0;3
640500;;;INTARIAN_PEPPER_ROOT;XIRECS;10646.0;7
642800;;;ASH_COATED_OSMIUM;XIRECS;9988.0;6
644300;;;ASH_COATED_OSMIUM;XIRECS;10004.0;2
644600;;;INTARIAN_PEPPER_ROOT;XIRECS;10639.0;6
645800;;;ASH_COATED_OSMIUM;XIRECS;10005.0;10
648000;;;INTARIAN_PEPPER_ROOT;XIRECS;10654.0;3
648100;;;ASH_COATED_OSMIUM;XIRECS;10006.0;3
648300;;;ASH_COATED_OSMIUM;XIRECS;9988.0;10
648800;;;ASH_COATED_OSMIUM;XIRECS;10005.0;5
649200;;;ASH_COATED_OSMIUM;XIRECS;10005.0;4
650300;;;INTARIAN_PEPPER_ROOT;XIRECS;10644.0;7
652900;;;INTARIAN_PEPPER_ROOT;XIRECS;10659.0;3
653100;;;ASH_COATED_OSMIUM;XIRECS;10004.0;4
654100;;;INTARIAN_PEPPER_ROOT;XIRECS;10646.0;4
654200;;;INTARIAN_PEPPER_ROOT;XIRECS;10660.0;3
655500;;;INTARIAN_PEPPER_ROOT;XIRECS;10652.0;6
656500;;;ASH_COATED_OSMIUM;XIRECS;9990.0;9
657300;;;ASH_COATED_OSMIUM;XIRECS;9996.0;3
658600;;;ASH_COATED_OSMIUM;XIRECS;10006.0;2
659100;;;INTARIAN_PEPPER_ROOT;XIRECS;10655.0;4
659500;;;ASH_COATED_OSMIUM;XIRECS;9988.0;6
659700;;;ASH_COATED_OSMIUM;XIRECS;10007.0;5
660600;;;ASH_COATED_OSMIUM;XIRECS;10006.0;2
662300;;;ASH_COATED_OSMIUM;XIRECS;10005.0;3
662300;;;INTARIAN_PEPPER_ROOT;XIRECS;10668.0;4
662600;;;INTARIAN_PEPPER_ROOT;XIRECS;10659.0;3
664800;;;ASH_COATED_OSMIUM;XIRECS;9988.0;4
669500;;;INTARIAN_PEPPER_ROOT;XIRECS;10675.0;6
669700;;;ASH_COATED_OSMIUM;XIRECS;10005.0;10
671700;;;INTARIAN_PEPPER_ROOT;XIRECS;10666.0;7
671900;;;ASH_COATED_OSMIUM;XIRECS;9984.0;3
674700;;;ASH_COATED_OSMIUM;XIRECS;10003.0;5
676600;;;INTARIAN_PEPPER_ROOT;XIRECS;10682.0;3
679200;;;ASH_COATED_OSMIUM;XIRECS;9985.0;7
680000;;;ASH_COATED_OSMIUM;XIRECS;10004.0;6
681300;;;INTARIAN_PEPPER_ROOT;XIRECS;10679.0;7
687000;;;ASH_COATED_OSMIUM;XIRECS;10005.0;8
687800;;;INTARIAN_PEPPER_ROOT;XIRECS;10691.0;5
687900;;;ASH_COATED_OSMIUM;XIRECS;9990.0;4
688100;;;INTARIAN_PEPPER_ROOT;XIRECS;10697.0;3
693200;;;INTARIAN_PEPPER_ROOT;XIRECS;10689.0;5
694200;;;ASH_COATED_OSMIUM;XIRECS;9992.0;3
698100;;;ASH_COATED_OSMIUM;XIRECS;9991.0;2
698300;;;INTARIAN_PEPPER_ROOT;XIRECS;10704.0;3
699900;;;ASH_COATED_OSMIUM;XIRECS;9991.0;9
700600;;;ASH_COATED_OSMIUM;XIRECS;9991.0;3
701400;;;INTARIAN_PEPPER_ROOT;XIRECS;10707.0;3
703900;;;INTARIAN_PEPPER_ROOT;XIRECS;10698.0;3
706600;;;ASH_COATED_OSMIUM;XIRECS;10011.0;9
709300;;;INTARIAN_PEPPER_ROOT;XIRECS;10715.0;5
710100;;;ASH_COATED_OSMIUM;XIRECS;9992.0;3
710500;;;ASH_COATED_OSMIUM;XIRECS;10008.0;6
711700;;;INTARIAN_PEPPER_ROOT;XIRECS;10706.0;7
712400;;;ASH_COATED_OSMIUM;XIRECS;9991.0;5
713000;;;INTARIAN_PEPPER_ROOT;XIRECS;10719.0;6
713700;;;ASH_COATED_OSMIUM;XIRECS;9990.0;4
714000;;;ASH_COATED_OSMIUM;XIRECS;10004.0;7
715000;;;ASH_COATED_OSMIUM;XIRECS;9989.0;5
715700;;;ASH_COATED_OSMIUM;XIRECS;9998.0;3
718100;;;INTARIAN_PEPPER_ROOT;XIRECS;10712.0;3
719800;;;INTARIAN_PEPPER_ROOT;XIRECS;10714.0;7
721600;;;ASH_COATED_OSMIUM;XIRECS;10006.0;5
721900;;;INTARIAN_PEPPER_ROOT;XIRECS;10716.0;6
722300;;;ASH_COATED_OSMIUM;XIRECS;9990.0;5
722800;;;ASH_COATED_OSMIUM;XIRECS;10009.0;2
723600;;;ASH_COATED_OSMIUM;XIRECS;9991.0;6
724100;;;INTARIAN_PEPPER_ROOT;XIRECS;10720.0;8
727600;;;INTARIAN_PEPPER_ROOT;XIRECS;10733.0;6
728900;;;INTARIAN_PEPPER_ROOT;XIRECS;10735.0;4
729700;;;ASH_COATED_OSMIUM;XIRECS;10008.0;4
731100;;;ASH_COATED_OSMIUM;XIRECS;9988.0;3
735400;;;ASH_COATED_OSMIUM;XIRECS;9989.0;6
738200;;;INTARIAN_PEPPER_ROOT;XIRECS;10732.0;5
742500;;;INTARIAN_PEPPER_ROOT;XIRECS;10737.0;4
742800;;;INTARIAN_PEPPER_ROOT;XIRECS;10749.0;3
745000;;;INTARIAN_PEPPER_ROOT;XIRECS;10739.0;3
745600;;;ASH_COATED_OSMIUM;XIRECS;10006.0;2
747000;;;INTARIAN_PEPPER_ROOT;XIRECS;10753.0;3
748600;;;INTARIAN_PEPPER_ROOT;XIRECS;10743.0;4
749100;;;INTARIAN_PEPPER_ROOT;XIRECS;10743.0;6
750000;;;ASH_COATED_OSMIUM;XIRECS;9988.0;9
750500;;;INTARIAN_PEPPER_ROOT;XIRECS;10747.0;3
752600;;;ASH_COATED_OSMIUM;XIRECS;10003.0;6
752900;;;ASH_COATED_OSMIUM;XIRECS;9988.0;3
753100;;;ASH_COATED_OSMIUM;XIRECS;10005.0;7
753400;;;ASH_COATED_OSMIUM;XIRECS;10004.0;2
756600;;;INTARIAN_PEPPER_ROOT;XIRECS;10762.0;5
756700;;;ASH_COATED_OSMIUM;XIRECS;10004.0;6
756700;;;ASH_COATED_OSMIUM;XIRECS;10004.0;7
759200;;;ASH_COATED_OSMIUM;XIRECS;10005.0;2
759300;;;ASH_COATED_OSMIUM;XIRECS;9989.0;5
759800;;;INTARIAN_PEPPER_ROOT;XIRECS;10763.0;5
760600;;;ASH_COATED_OSMIUM;XIRECS;10005.0;5
762200;;;ASH_COATED_OSMIUM;XIRECS;10005.0;2
763400;;;ASH_COATED_OSMIUM;XIRECS;9989.0;2
764800;;;ASH_COATED_OSMIUM;XIRECS;9988.0;8
765200;;;ASH_COATED_OSMIUM;XIRECS;10003.0;5
765600;;;INTARIAN_PEPPER_ROOT;XIRECS;10768.0;4
767800;;;INTARIAN_PEPPER_ROOT;XIRECS;10762.0;6
768500;;;ASH_COATED_OSMIUM;XIRECS;10004.0;9
771000;;;INTARIAN_PEPPER_ROOT;XIRECS;10767.0;8
771100;;;INTARIAN_PEPPER_ROOT;XIRECS;10774.0;6
773100;;;ASH_COATED_OSMIUM;XIRECS;10005.0;6
774200;;;ASH_COATED_OSMIUM;XIRECS;9990.0;4
775300;;;ASH_COATED_OSMIUM;XIRECS;10005.0;5
776400;;;ASH_COATED_OSMIUM;XIRECS;9990.0;2
776700;;;ASH_COATED_OSMIUM;XIRECS;9989.0;6
777000;;;ASH_COATED_OSMIUM;XIRECS;10008.0;6
777000;;;INTARIAN_PEPPER_ROOT;XIRECS;10771.0;6
778300;;;INTARIAN_PEPPER_ROOT;XIRECS;10784.0;6
778400;;;ASH_COATED_OSMIUM;XIRECS;9995.0;5
782000;;;INTARIAN_PEPPER_ROOT;XIRECS;10788.0;3
783900;;;INTARIAN_PEPPER_ROOT;XIRECS;10778.0;3
784100;;;INTARIAN_PEPPER_ROOT;XIRECS;10786.0;4
786600;;;ASH_COATED_OSMIUM;XIRECS;9989.0;2
787900;;;INTARIAN_PEPPER_ROOT;XIRECS;10794.0;5
788400;;;ASH_COATED_OSMIUM;XIRECS;10003.0;5
789700;;;INTARIAN_PEPPER_ROOT;XIRECS;10796.0;6
790200;;;ASH_COATED_OSMIUM;XIRECS;9988.0;3
790600;;;INTARIAN_PEPPER_ROOT;XIRECS;10787.0;4
791700;;;ASH_COATED_OSMIUM;XIRECS;9987.0;2
792800;;;ASH_COATED_OSMIUM;XIRECS;10005.0;7
794200;;;INTARIAN_PEPPER_ROOT;XIRECS;10788.0;5
794700;;;INTARIAN_PEPPER_ROOT;XIRECS;10791.0;4
795100;;;ASH_COATED_OSMIUM;XIRECS;9987.0;3
795300;;;INTARIAN_PEPPER_ROOT;XIRECS;10798.0;7
795500;;;INTARIAN_PEPPER_ROOT;XIRECS;10787.0;4
795900;;;INTARIAN_PEPPER_ROOT;XIRECS;10790.0;3
796500;;;ASH_COATED_OSMIUM;XIRECS;9986.0;4
796600;;;INTARIAN_PEPPER_ROOT;XIRECS;10793.0;6
797900;;;INTARIAN_PEPPER_ROOT;XIRECS;10806.0;6
799600;;;ASH_COATED_OSMIUM;XIRECS;10006.0;7
800000;;;INTARIAN_PEPPER_ROOT;XIRECS;10794.0;4
800100;;;ASH_COATED_OSMIUM;XIRECS;9988.0;3
801600;;;INTARIAN_PEPPER_ROOT;XIRECS;10796.0;5
801800;;;ASH_COATED_OSMIUM;XIRECS;9987.0;2
803900;;;ASH_COATED_OSMIUM;XIRECS;9986.0;2
804600;;;INTARIAN_PEPPER_ROOT;XIRECS;10811.0;5
804900;;;ASH_COATED_OSMIUM;XIRECS;10003.0;5
808400;;;ASH_COATED_OSMIUM;XIRECS;10001.0;8
809500;;;ASH_COATED_OSMIUM;XIRECS;9999.0;3
809500;;;INTARIAN_PEPPER_ROOT;XIRECS;10815.0;7
811000;;;INTARIAN_PEPPER_ROOT;XIRECS;10814.0;3
814300;;;ASH_COATED_OSMIUM;XIRECS;10002.0;3
817900;;;ASH_COATED_OSMIUM;XIRECS;9988.0;10
821000;;;ASH_COATED_OSMIUM;XIRECS;9998.0;4
822000;;;INTARIAN_PEPPER_ROOT;XIRECS;10813.0;3
822700;;;ASH_COATED_OSMIUM;XIRECS;10005.0;7
826500;;;INTARIAN_PEPPER_ROOT;XIRECS;10821.0;7
830100;;;ASH_COATED_OSMIUM;XIRECS;9990.0;5
830500;;;ASH_COATED_OSMIUM;XIRECS;10009.0;6
830700;;;ASH_COATED_OSMIUM;XIRECS;9991.0;9
831800;;;ASH_COATED_OSMIUM;XIRECS;10011.0;2
832300;;;ASH_COATED_OSMIUM;XIRECS;10010.0;4
832500;;;INTARIAN_PEPPER_ROOT;XIRECS;10838.0;3
833300;;;ASH_COATED_OSMIUM;XIRECS;9996.0;8
834300;;;ASH_COATED_OSMIUM;XIRECS;10011.0;5
835200;;;ASH_COATED_OSMIUM;XIRECS;10011.0;2
835400;;;INTARIAN_PEPPER_ROOT;XIRECS;10829.0;3
836900;;;ASH_COATED_OSMIUM;XIRECS;9995.0;5
837000;;;ASH_COATED_OSMIUM;XIRECS;10014.0;4
839600;;;INTARIAN_PEPPER_ROOT;XIRECS;10846.0;5
840000;;;ASH_COATED_OSMIUM;XIRECS;10010.0;5
840000;;;INTARIAN_PEPPER_ROOT;XIRECS;10834.0;6
840200;;;INTARIAN_PEPPER_ROOT;XIRECS;10846.0;4
840600;;;INTARIAN_PEPPER_ROOT;XIRECS;10835.0;6
841100;;;ASH_COATED_OSMIUM;XIRECS;9995.0;5
841200;;;INTARIAN_PEPPER_ROOT;XIRECS;10850.0;4
841700;;;INTARIAN_PEPPER_ROOT;XIRECS;10848.0;7
842200;;;ASH_COATED_OSMIUM;XIRECS;9996.0;5
844700;;;INTARIAN_PEPPER_ROOT;XIRECS;10839.0;6
845800;;;INTARIAN_PEPPER_ROOT;XIRECS;10837.0;4
846300;;;ASH_COATED_OSMIUM;XIRECS;10011.0;5
850000;;;ASH_COATED_OSMIUM;XIRECS;9996.0;10
850600;;;ASH_COATED_OSMIUM;XIRECS;9992.0;3
851200;;;ASH_COATED_OSMIUM;XIRECS;10011.0;6
851800;;;INTARIAN_PEPPER_ROOT;XIRECS;10860.0;4
853400;;;ASH_COATED_OSMIUM;XIRECS;9993.0;4
858400;;;ASH_COATED_OSMIUM;XIRECS;9993.0;5
858600;;;ASH_COATED_OSMIUM;XIRECS;9993.0;5
858600;;;ASH_COATED_OSMIUM;XIRECS;9993.0;5
864600;;;INTARIAN_PEPPER_ROOT;XIRECS;10859.0;5
867300;;;ASH_COATED_OSMIUM;XIRECS;9997.0;8
868000;;;INTARIAN_PEPPER_ROOT;XIRECS;10864.0;3
868500;;;INTARIAN_PEPPER_ROOT;XIRECS;10866.0;6
869200;;;INTARIAN_PEPPER_ROOT;XIRECS;10878.0;4
870000;;;INTARIAN_PEPPER_ROOT;XIRECS;10866.0;5
874800;;;ASH_COATED_OSMIUM;XIRECS;10013.0;2
875400;;;INTARIAN_PEPPER_ROOT;XIRECS;10881.0;6
876400;;;ASH_COATED_OSMIUM;XIRECS;10013.0;2
878100;;;ASH_COATED_OSMIUM;XIRECS;10012.0;4
883900;;;INTARIAN_PEPPER_ROOT;XIRECS;10875.0;5
888900;;;INTARIAN_PEPPER_ROOT;XIRECS;10895.0;3
891300;;;ASH_COATED_OSMIUM;XIRECS;10008.0;10
892800;;;ASH_COATED_OSMIUM;XIRECS;10008.0;5
893700;;;INTARIAN_PEPPER_ROOT;XIRECS;10900.0;5
894100;;;INTARIAN_PEPPER_ROOT;XIRECS;10900.0;6
895700;;;ASH_COATED_OSMIUM;XIRECS;10010.0;4
896800;;;INTARIAN_PEPPER_ROOT;XIRECS;10891.0;3
898400;;;ASH_COATED_OSMIUM;XIRECS;9995.0;9
899300;;;INTARIAN_PEPPER_ROOT;XIRECS;10905.0;3
901000;;;INTARIAN_PEPPER_ROOT;XIRECS;10904.0;7
901700;;;ASH_COATED_OSMIUM;XIRECS;9993.0;3
902500;;;ASH_COATED_OSMIUM;XIRECS;9994.0;4
902700;;;ASH_COATED_OSMIUM;XIRECS;9995.0;3
903300;;;INTARIAN_PEPPER_ROOT;XIRECS;10895.0;6
903500;;;ASH_COATED_OSMIUM;XIRECS;9994.0;5
904100;;;INTARIAN_PEPPER_ROOT;XIRECS;10910.0;5
905100;;;INTARIAN_PEPPER_ROOT;XIRECS;10899.0;3
905700;;;INTARIAN_PEPPER_ROOT;XIRECS;10900.0;7
905800;;;ASH_COATED_OSMIUM;XIRECS;9995.0;2
906100;;;ASH_COATED_OSMIUM;XIRECS;10010.0;6
907500;;;INTARIAN_PEPPER_ROOT;XIRECS;10913.0;4
910200;;;INTARIAN_PEPPER_ROOT;XIRECS;10906.0;6
910600;;;ASH_COATED_OSMIUM;XIRECS;9994.0;7
911400;;;INTARIAN_PEPPER_ROOT;XIRECS;10908.0;6
912900;;;INTARIAN_PEPPER_ROOT;XIRECS;10916.0;8
914300;;;ASH_COATED_OSMIUM;XIRECS;9993.0;4
914800;;;INTARIAN_PEPPER_ROOT;XIRECS;10918.0;4
915400;;;INTARIAN_PEPPER_ROOT;XIRECS;10907.0;5
917400;;;ASH_COATED_OSMIUM;XIRECS;9994.0;5
923300;;;ASH_COATED_OSMIUM;XIRECS;10006.0;3
923900;;;INTARIAN_PEPPER_ROOT;XIRECS;10930.0;7
924300;;;INTARIAN_PEPPER_ROOT;XIRECS;10918.0;6
924600;;;ASH_COATED_OSMIUM;XIRECS;9996.0;3
929200;;;INTARIAN_PEPPER_ROOT;XIRECS;10923.0;5
931300;;;ASH_COATED_OSMIUM;XIRECS;10013.0;8
932300;;;INTARIAN_PEPPER_ROOT;XIRECS;10926.0;3
932500;;;ASH_COATED_OSMIUM;XIRECS;9995.0;8
933500;;;ASH_COATED_OSMIUM;XIRECS;10013.0;9
933700;;;ASH_COATED_OSMIUM;XIRECS;10012.0;6
934000;;;INTARIAN_PEPPER_ROOT;XIRECS;10928.0;5
936100;;;ASH_COATED_OSMIUM;XIRECS;9995.0;4
938000;;;INTARIAN_PEPPER_ROOT;XIRECS;10941.0;4
940100;;;ASH_COATED_OSMIUM;XIRECS;9999.0;10
940600;;;ASH_COATED_OSMIUM;XIRECS;9999.0;6
941700;;;INTARIAN_PEPPER_ROOT;XIRECS;10948.0;6
942600;;;INTARIAN_PEPPER_ROOT;XIRECS;10937.0;6
943100;;;ASH_COATED_OSMIUM;XIRECS;9999.0;6
943600;;;ASH_COATED_OSMIUM;XIRECS;10004.0;2
943900;;;ASH_COATED_OSMIUM;XIRECS;9998.0;5
944100;;;INTARIAN_PEPPER_ROOT;XIRECS;10947.0;6
946000;;;ASH_COATED_OSMIUM;XIRECS;9998.0;5
947900;;;INTARIAN_PEPPER_ROOT;XIRECS;10942.0;3
951300;;;ASH_COATED_OSMIUM;XIRECS;9995.0;6
956100;;;ASH_COATED_OSMIUM;XIRECS;10010.0;6
957200;;;INTARIAN_PEPPER_ROOT;XIRECS;10951.0;7
957300;;;INTARIAN_PEPPER_ROOT;XIRECS;10951.0;3
957400;;;ASH_COATED_OSMIUM;XIRECS;10006.0;4
957500;;;INTARIAN_PEPPER_ROOT;XIRECS;10952.0;7
959400;;;ASH_COATED_OSMIUM;XIRECS;10006.0;4
960200;;;ASH_COATED_OSMIUM;XIRECS;9989.0;6
963200;;;ASH_COATED_OSMIUM;XIRECS;10005.0;6
964800;;;ASH_COATED_OSMIUM;XIRECS;10006.0;6
965400;;;INTARIAN_PEPPER_ROOT;XIRECS;10971.0;6
965600;;;INTARIAN_PEPPER_ROOT;XIRECS;10960.0;5
965900;;;INTARIAN_PEPPER_ROOT;XIRECS;10972.0;3
966000;;;ASH_COATED_OSMIUM;XIRECS;9987.0;6
967000;;;ASH_COATED_OSMIUM;XIRECS;10004.0;8
973400;;;ASH_COATED_OSMIUM;XIRECS;9986.0;8
973700;;;ASH_COATED_OSMIUM;XIRECS;10002.0;2
973900;;;INTARIAN_PEPPER_ROOT;XIRECS;10980.0;6
974900;;;ASH_COATED_OSMIUM;XIRECS;9986.0;6
976500;;;ASH_COATED_OSMIUM;XIRECS;9985.0;6
977100;;;ASH_COATED_OSMIUM;XIRECS;10001.0;7
980800;;;ASH_COATED_OSMIUM;XIRECS;10000.0;3
981900;;;INTARIAN_PEPPER_ROOT;XIRECS;10985.0;3
982600;;;INTARIAN_PEPPER_ROOT;XIRECS;10974.0;7
985200;;;INTARIAN_PEPPER_ROOT;XIRECS;10994.0;4
988000;;;ASH_COATED_OSMIUM;XIRECS;9981.0;4
989100;;;INTARIAN_PEPPER_ROOT;XIRECS;10980.0;6
992000;;;ASH_COATED_OSMIUM;XIRECS;9983.0;4
994200;;;ASH_COATED_OSMIUM;XIRECS;10002.0;2
995300;;;ASH_COATED_OSMIUM;XIRECS;10001.0;6
997500;;;INTARIAN_PEPPER_ROOT;XIRECS;10992.0;7
