day,timestamp,product,bid_price_1,bid_volume_1,bid_price_2,bid_volume_2,bid_price_3,bid_volume_3,ask_price_1,ask_volume_1,ask_price_2,ask_volume_2,ask_price_3,ask_volume_3,mid_price,profit_and_loss
0,-2,0,EMERALDS,9992,11,9990,25,,,10008,11,10010,25,,,10000.0,0.0
1,-2,0,TOMATOES,4993,7,4992,17,,,5007,7,5008,17,,,5000.0,0.0
2,-2,100,TOMATOES,4998,5,4993,7,4992,16,5007,7,5008,16,,,5002.5,0.0
3,-2,100,EMERALDS,9992,15,9990,20,,,10008,15,10010,20,,,10000.0,0.0
4,-2,200,TOMATOES,4994,6,4993,20,,,5008,6,5009,20,,,5001.0,0.0
5,-2,200,EMERALDS,9992,15,9990,30,,,10008,15,10010,30,,,10000.0,0.0
6,-2,300,EMERALDS,9992,13,9990,26,,,10008,13,10010,26,,,10000.0,0.0
7,-2,300,TOMATOES,4995,5,4993,21,,,5008,5,5009,21,,,5001.5,0.0
8,-2,400,EMERALDS,9992,15,9990,20,,,10008,15,10010,20,,,10000.0,0.0
9,-2,400,TOMATOES,4995,8,4993,20,,,5008,8,5009,20,,,5001.5,0.0
10,-2,500,TOMATOES,4994,6,4993,16,,,5008,6,5009,16,,,5001.0,0.0
11,-2,500,EMERALDS,9992,13,9990,30,,,10008,13,10010,30,,,10000.0,0.0
12,-2,600,TOMATOES,4994,9,4992,16,,,5007,9,5008,16,,,5000.5,0.0
13,-2,600,EMERALDS,9992,12,9990,30,,,10008,12,10010,30,,,10000.0,0.0
14,-2,700,EMERALDS,9992,11,9990,27,,,10000,6,10008,11,10010,27,9996.0,0.0
15,-2,700,TOMATOES,4993,5,4992,17,,,5007,5,5008,17,,,5000.0,0.0
16,-2,800,EMERALDS,9992,15,9990,21,,,10008,15,10010,21,,,10000.0,0.0
17,-2,800,TOMATOES,4993,6,4992,23,,,5007,6,5008,23,,,5000.0,0.0
18,-2,900,TOMATOES,4994,5,4993,24,,,5008,5,5009,24,,,5001.0,0.0
19,-2,900,EMERALDS,9992,13,9990,30,,,10008,13,10010,30,,,10000.0,0.0
20,-2,1000,TOMATOES,4994,10,4992,24,,,5007,10,5008,24,,,5000.5,0.0
21,-2,1000,EMERALDS,9992,15,9990,22,,,10008,15,10010,22,,,10000.0,0.0
22,-2,1100,EMERALDS,9992,10,9990,25,,,10008,10,10010,25,,,10000.0,0.0
23,-2,1100,TOMATOES,4993,10,4992,21,,,5007,10,5008,21,,,5000.0,0.0
24,-2,1200,EMERALDS,9992,10,9990,27,,,10008,10,10010,27,,,10000.0,0.0
25,-2,1200,TOMATOES,4994,7,4992,21,,,5007,7,5008,21,,,5000.5,0.0
26,-2,1300,TOMATOES,4999,3,4993,9,4992,16,5007,9,5008,16,,,5003.0,0.0
27,-2,1300,EMERALDS,9992,10,9990,23,,,10008,10,10010,23,,,10000.0,0.0
28,-2,1400,TOMATOES,4992,9,4991,18,,,5006,9,5007,18,,,4999.0,0.0
29,-2,1400,EMERALDS,9992,13,9990,26,,,10008,13,10010,26,,,10000.0,0.0
30,-2,1500,EMERALDS,9992,12,9990,25,,,10008,12,10010,25,,,10000.0,0.0
31,-2,1500,TOMATOES,4992,9,4991,23,,,5006,9,5007,23,,,4999.0,0.0
32,-2,1600,EMERALDS,9992,15,9990,23,,,10008,15,10010,23,,,10000.0,0.0
33,-2,1600,TOMATOES,4992,10,4991,24,,,5006,10,5007,24,,,4999.0,0.0
34,-2,1700,TOMATOES,4993,5,4992,18,,,5006,5,5008,18,,,4999.5,0.0
35,-2,1700,EMERALDS,9992,12,9990,28,,,10008,12,10010,28,,,10000.0,0.0
36,-2,1800,TOMATOES,4993,7,4991,23,,,5006,7,5007,23,,,4999.5,0.0
37,-2,1800,EMERALDS,9992,14,9990,24,,,10008,14,10010,24,,,10000.0,0.0
38,-2,1900,EMERALDS,9992,11,9990,25,,,10008,11,10010,25,,,10000.0,0.0
39,-2,1900,TOMATOES,4992,7,4991,17,,,5005,7,5007,17,,,4998.5,0.0
40,-2,2000,EMERALDS,9992,10,9990,30,,,10008,10,10010,30,,,10000.0,0.0
41,-2,2000,TOMATOES,4992,10,4990,17,,,5005,10,5006,17,,,4998.5,0.0
42,-2,2100,TOMATOES,4991,10,4990,20,,,5005,10,5006,20,,,4998.0,0.0
43,-2,2100,EMERALDS,9992,13,9990,20,,,10008,13,10010,20,,,10000.0,0.0
44,-2,2200,TOMATOES,4991,5,4989,19,,,5004,5,5005,19,,,4997.5,0.0
45,-2,2200,EMERALDS,9992,14,9990,25,,,10008,14,10010,25,,,10000.0,0.0
46,-2,2300,EMERALDS,9992,11,9990,28,,,10008,11,10010,28,,,10000.0,0.0
47,-2,2300,TOMATOES,4991,7,4989,22,,,5004,7,5005,22,,,4997.5,0.0
48,-2,2400,EMERALDS,9992,13,9990,30,,,10008,13,10010,30,,,10000.0,0.0
49,-2,2400,TOMATOES,4991,7,4989,18,,,5004,7,5005,18,,,4997.5,0.0
50,-2,2500,TOMATOES,4990,9,4989,18,,,5003,9,5005,18,,,4996.5,0.0
51,-2,2500,EMERALDS,10000,8,9992,14,9990,21,10008,14,10010,21,,,10004.0,0.0
52,-2,2600,TOMATOES,4990,8,4988,15,,,5003,8,5004,15,,,4996.5,0.0
53,-2,2600,EMERALDS,9992,15,9990,21,,,10008,15,10010,21,,,10000.0,0.0
54,-2,2700,EMERALDS,9992,15,9990,26,,,10008,15,10010,26,,,10000.0,0.0
55,-2,2700,TOMATOES,4990,5,4989,16,,,5003,5,5005,16,,,4996.5,0.0
56,-2,2800,EMERALDS,9992,13,9990,28,,,10008,13,10010,28,,,10000.0,0.0
57,-2,2800,TOMATOES,4989,8,4988,21,,,5002,8,5004,21,,,4995.5,0.0
58,-2,2900,TOMATOES,4990,10,4988,21,,,5003,10,5004,21,,,4996.5,0.0
59,-2,2900,EMERALDS,9992,15,9990,30,,,10008,15,10010,30,,,10000.0,0.0
60,-2,3000,TOMATOES,4989,5,4988,19,,,5003,5,5004,19,,,4996.0,0.0
61,-2,3000,EMERALDS,9992,12,9990,26,,,10008,12,10010,26,,,10000.0,0.0
62,-2,3100,EMERALDS,9992,12,9990,23,,,10008,12,10010,23,,,10000.0,0.0
63,-2,3100,TOMATOES,4989,7,4988,19,,,5002,7,5004,19,,,4995.5,0.0
64,-2,3200,EMERALDS,9992,11,9990,26,,,10008,11,10010,26,,,10000.0,0.0
65,-2,3200,TOMATOES,4988,7,4987,22,,,5002,7,5003,22,,,4995.0,0.0
66,-2,3300,TOMATOES,4988,10,4987,19,,,4993,11,5001,10,5003,19,4990.5,0.0
67,-2,3300,EMERALDS,9992,15,9990,20,,,10008,15,10010,20,,,10000.0,0.0
68,-2,3400,TOMATOES,4988,10,4986,21,,,5001,10,5002,21,,,4994.5,0.0
69,-2,3400,EMERALDS,9992,10,9990,22,,,10008,10,10010,22,,,10000.0,0.0
70,-2,3500,EMERALDS,9992,10,9990,29,,,10008,10,10010,29,,,10000.0,0.0
71,-2,3500,TOMATOES,4988,7,4986,23,,,5001,7,5002,23,,,4994.5,0.0
72,-2,3600,EMERALDS,9992,10,9990,26,,,10008,10,10010,26,,,10000.0,0.0
73,-2,3600,TOMATOES,4988,7,4987,19,,,5002,7,5003,19,,,4995.0,0.0
74,-2,3700,TOMATOES,4988,7,4987,17,,,5002,7,5003,17,,,4995.0,0.0
75,-2,3700,EMERALDS,9992,11,9990,25,,,10008,11,10010,25,,,10000.0,0.0
76,-2,3800,TOMATOES,4988,8,4987,20,,,5002,8,5003,20,,,4995.0,0.0
77,-2,3800,EMERALDS,9992,11,9990,27,,,10000,9,10008,11,10010,27,9996.0,0.0
78,-2,3900,TOMATOES,4989,10,4988,15,,,5002,10,5004,15,,,4995.5,0.0
79,-2,3900,EMERALDS,9992,14,9990,25,,,10008,14,10010,25,,,10000.0,0.0
80,-2,4000,EMERALDS,9992,10,9990,27,,,10008,10,10010,27,,,10000.0,0.0
81,-2,4000,TOMATOES,4989,6,4988,20,,,5002,6,5004,20,,,4995.5,0.0
82,-2,4100,TOMATOES,4989,5,4987,17,,,5002,5,5003,17,,,4995.5,0.0
83,-2,4100,EMERALDS,9992,12,9990,28,,,10008,12,10010,28,,,10000.0,0.0
84,-2,4200,EMERALDS,9992,11,9990,23,,,10008,11,10010,23,,,10000.0,0.0
85,-2,4200,TOMATOES,4988,5,4987,16,,,5001,5,5003,16,,,4994.5,0.0
86,-2,4300,TOMATOES,4988,9,4986,25,,,5001,9,5002,25,,,4994.5,0.0
87,-2,4300,EMERALDS,9992,13,9990,26,,,10008,13,10010,26,,,10000.0,0.0
88,-2,4400,EMERALDS,9992,11,9990,28,,,10008,11,10010,28,,,10000.0,0.0
89,-2,4400,TOMATOES,4988,6,4987,17,,,5001,6,5003,17,,,4994.5,0.0
90,-2,4500,TOMATOES,4988,5,4986,18,,,5001,5,5002,18,,,4994.5,0.0
91,-2,4500,EMERALDS,9992,12,9990,29,,,10008,12,10010,29,,,10000.0,0.0
92,-2,4600,EMERALDS,9992,11,9990,29,,,10008,11,10010,29,,,10000.0,0.0
93,-2,4600,TOMATOES,4988,5,4987,19,,,5002,5,5003,19,,,4995.0,0.0
94,-2,4700,TOMATOES,4987,5,4986,15,,,5001,5,5002,15,,,4994.0,0.0
95,-2,4700,EMERALDS,9992,11,9990,29,,,10008,11,10010,29,,,10000.0,0.0
96,-2,4800,EMERALDS,9992,14,9990,24,,,10008,14,10010,24,,,10000.0,0.0
97,-2,4800,TOMATOES,4987,7,4986,17,,,5001,7,5002,17,,,4994.0,0.0
98,-2,4900,TOMATOES,4987,5,4986,24,,,5000,5,5002,24,,,4993.5,0.0
99,-2,4900,EMERALDS,9992,15,9990,22,,,10008,15,10010,22,,,10000.0,0.0
100,-2,5000,EMERALDS,9992,15,9990,20,,,10008,15,10010,20,,,10000.0,0.0
101,-2,5000,TOMATOES,4988,5,4986,25,,,5001,5,5002,25,,,4994.5,0.0
102,-2,5100,TOMATOES,4988,10,4986,21,,,5001,10,5002,21,,,4994.5,0.0
103,-2,5100,EMERALDS,9992,11,9990,29,,,10008,11,10010,29,,,10000.0,0.0
104,-2,5200,EMERALDS,9992,12,9990,25,,,10008,12,10010,25,,,10000.0,0.0
105,-2,5200,TOMATOES,4988,7,4987,15,,,5001,7,5003,15,,,4994.5,0.0
106,-2,5300,TOMATOES,4988,8,4987,24,,,5002,8,5003,24,,,4995.0,0.0
107,-2,5300,EMERALDS,9992,15,9990,22,,,10008,15,10010,22,,,10000.0,0.0
108,-2,5400,EMERALDS,9992,15,9990,29,,,10008,15,10010,29,,,10000.0,0.0
109,-2,5400,TOMATOES,4988,5,4987,15,,,5002,5,5003,15,,,4995.0,0.0
110,-2,5500,TOMATOES,4988,5,4987,24,,,5002,5,5003,24,,,4995.0,0.0
111,-2,5500,EMERALDS,9992,13,9990,28,,,10008,13,10010,28,,,10000.0,0.0
112,-2,5600,EMERALDS,9992,15,9990,30,,,10008,15,10010,30,,,10000.0,0.0
113,-2,5600,TOMATOES,4994,6,4988,6,4987,19,5002,6,5003,19,,,4998.0,0.0
114,-2,5700,TOMATOES,4989,7,4987,21,,,5002,7,5003,21,,,4995.5,0.0
115,-2,5700,EMERALDS,9992,12,9990,29,,,10008,12,10010,29,,,10000.0,0.0
116,-2,5800,EMERALDS,9992,15,9990,26,,,10008,15,10010,26,,,10000.0,0.0
117,-2,5800,TOMATOES,4988,9,4987,18,,,5002,9,5003,18,,,4995.0,0.0
118,-2,5900,TOMATOES,4988,5,4987,20,,,5002,5,5003,20,,,4995.0,0.0
119,-2,5900,EMERALDS,10000,8,9992,13,9990,28,10008,13,10010,28,,,10004.0,0.0
120,-2,6000,EMERALDS,9992,10,9990,21,,,10008,10,10010,21,,,10000.0,0.0
121,-2,6000,TOMATOES,4988,9,4986,23,,,5001,9,5002,23,,,4994.5,0.0
122,-2,6100,EMERALDS,9992,11,9990,26,,,10008,11,10010,26,,,10000.0,0.0
123,-2,6100,TOMATOES,4987,6,4986,17,,,5001,6,5002,17,,,4994.0,0.0
124,-2,6200,EMERALDS,9992,12,9990,23,,,10008,12,10010,23,,,10000.0,0.0
125,-2,6200,TOMATOES,4988,8,4986,18,,,5001,8,5002,18,,,4994.5,0.0
126,-2,6300,TOMATOES,4988,6,4986,17,,,5001,6,5002,17,,,4994.5,0.0
127,-2,6300,EMERALDS,9992,13,9990,26,,,10008,13,10010,26,,,10000.0,0.0
128,-2,6400,TOMATOES,4988,7,4987,23,,,5001,7,5003,23,,,4994.5,0.0
129,-2,6400,EMERALDS,9992,13,9990,26,,,10008,13,10010,26,,,10000.0,0.0
130,-2,6500,EMERALDS,9992,13,9990,21,,,10008,13,10010,21,,,10000.0,0.0
131,-2,6500,TOMATOES,4993,5,4988,5,4986,19,5001,5,5002,19,,,4997.0,0.0
132,-2,6600,EMERALDS,9992,13,9990,23,,,10008,13,10010,23,,,10000.0,0.0
133,-2,6600,TOMATOES,4988,8,4987,21,,,5001,8,5003,21,,,4994.5,0.0
134,-2,6700,TOMATOES,4988,8,4987,20,,,5001,8,5003,20,,,4994.5,0.0
135,-2,6700,EMERALDS,9992,14,9990,27,,,10008,14,10010,27,,,10000.0,0.0
136,-2,6800,TOMATOES,4987,8,4986,21,,,4992,11,5000,8,5002,21,4989.5,0.0
137,-2,6800,EMERALDS,9992,14,9990,23,,,10008,14,10010,23,,,10000.0,0.0
138,-2,6900,EMERALDS,9992,13,9990,28,,,10008,13,10010,28,,,10000.0,0.0
139,-2,6900,TOMATOES,4986,7,4985,15,,,5000,7,5001,15,,,4993.0,0.0
140,-2,7000,EMERALDS,9992,14,9990,24,,,10008,14,10010,24,,,10000.0,0.0
141,-2,7000,TOMATOES,4987,5,4986,25,,,5000,5,5002,25,,,4993.5,0.0
142,-2,7100,TOMATOES,4987,6,4986,17,,,5000,6,5002,17,,,4993.5,0.0
143,-2,7100,EMERALDS,9992,11,9990,26,,,10008,11,10010,26,,,10000.0,0.0
144,-2,7200,TOMATOES,4987,6,4986,20,,,5000,6,5002,20,,,4993.5,0.0
145,-2,7200,EMERALDS,9992,14,9990,26,,,10008,14,10010,26,,,10000.0,0.0
146,-2,7300,EMERALDS,9992,11,9990,27,,,10008,11,10010,27,,,10000.0,0.0
147,-2,7300,TOMATOES,4987,8,4986,23,,,5001,8,5002,23,,,4994.0,0.0
148,-2,7400,EMERALDS,9992,11,9990,28,,,10008,11,10010,28,,,10000.0,0.0
149,-2,7400,TOMATOES,4987,6,4986,24,,,5000,6,5002,24,,,4993.5,0.0
150,-2,7500,TOMATOES,4987,10,4986,24,,,5001,10,5002,24,,,4994.0,0.0
151,-2,7500,EMERALDS,9992,10,9990,25,,,10000,6,10008,10,10010,25,9996.0,0.0
152,-2,7600,TOMATOES,4987,8,4986,18,,,5001,8,5002,18,,,4994.0,0.0
153,-2,7600,EMERALDS,9992,13,9990,28,,,10008,13,10010,28,,,10000.0,0.0
154,-2,7700,EMERALDS,9992,13,9990,25,,,10008,13,10010,25,,,10000.0,0.0
155,-2,7700,TOMATOES,4988,10,4987,22,,,5001,10,5003,22,,,4994.5,0.0
156,-2,7800,EMERALDS,9992,14,9990,21,,,10008,14,10010,21,,,10000.0,0.0
157,-2,7800,TOMATOES,4988,10,4986,18,,,5001,10,5002,18,,,4994.5,0.0
158,-2,7900,TOMATOES,4988,6,4987,18,,,5001,6,5003,18,,,4994.5,0.0
159,-2,7900,EMERALDS,9992,13,9990,29,,,10008,13,10010,29,,,10000.0,0.0
160,-2,8000,TOMATOES,4988,10,4986,25,,,5001,10,5002,25,,,4994.5,0.0
161,-2,8000,EMERALDS,9992,15,9990,23,,,10008,15,10010,23,,,10000.0,0.0
162,-2,8100,EMERALDS,9992,15,9990,20,,,10008,15,10010,20,,,10000.0,0.0
163,-2,8100,TOMATOES,4987,9,4986,20,,,5001,9,5002,20,,,4994.0,0.0
164,-2,8200,EMERALDS,9992,14,9990,30,,,10008,14,10010,30,,,10000.0,0.0
165,-2,8200,TOMATOES,4994,5,4987,9,4986,24,5001,9,5002,24,,,4997.5,0.0
166,-2,8300,TOMATOES,4987,5,4986,17,,,5000,5,5002,17,,,4993.5,0.0
167,-2,8300,EMERALDS,9992,14,9990,27,,,10008,14,10010,27,,,10000.0,0.0
168,-2,8400,TOMATOES,4987,6,4986,15,,,5001,6,5002,15,,,4994.0,0.0
169,-2,8400,EMERALDS,9992,10,9990,25,,,10008,10,10010,25,,,10000.0,0.0
170,-2,8500,EMERALDS,9992,12,9990,23,,,10008,12,10010,23,,,10000.0,0.0
171,-2,8500,TOMATOES,4988,5,4987,21,,,5002,5,5003,21,,,4995.0,0.0
172,-2,8600,EMERALDS,9992,13,9990,27,,,10008,13,10010,27,,,10000.0,0.0
173,-2,8600,TOMATOES,4988,9,4987,25,,,5002,9,5003,25,,,4995.0,0.0
174,-2,8700,TOMATOES,4987,6,4986,20,,,5001,6,5002,20,,,4994.0,0.0
175,-2,8700,EMERALDS,9992,10,9990,22,,,10008,10,10010,22,,,10000.0,0.0
176,-2,8800,TOMATOES,4988,10,4986,19,,,5001,10,5002,19,,,4994.5,0.0
177,-2,8800,EMERALDS,9992,13,9990,20,,,10008,13,10010,20,,,10000.0,0.0
178,-2,8900,EMERALDS,9992,12,9990,26,,,10008,12,10010,26,,,10000.0,0.0
179,-2,8900,TOMATOES,4986,10,4985,15,,,5000,10,5001,15,,,4993.0,0.0
180,-2,9000,EMERALDS,9992,10,9990,29,,,10008,10,10010,29,,,10000.0,0.0
181,-2,9000,TOMATOES,4987,9,4985,20,,,5000,9,5001,20,,,4993.5,0.0
182,-2,9100,TOMATOES,4988,10,4986,18,,,5001,10,5002,18,,,4994.5,0.0
183,-2,9100,EMERALDS,9992,11,9990,24,,,10008,11,10010,24,,,10000.0,0.0
184,-2,9200,TOMATOES,4987,7,4986,20,,,5001,7,5002,20,,,4994.0,0.0
185,-2,9200,EMERALDS,9992,10,9990,28,,,10008,10,10010,28,,,10000.0,0.0
186,-2,9300,EMERALDS,9992,11,9990,26,,,10008,11,10010,26,,,10000.0,0.0
187,-2,9300,TOMATOES,4993,5,4987,7,4986,15,5001,7,5002,15,,,4997.0,0.0
188,-2,9400,EMERALDS,9992,11,9990,25,,,10008,11,10010,25,,,10000.0,0.0
189,-2,9400,TOMATOES,4987,8,4985,19,,,5000,8,5001,19,,,4993.5,0.0
190,-2,9500,TOMATOES,4986,6,4985,16,,,5000,6,5001,16,,,4993.0,0.0
191,-2,9500,EMERALDS,9992,12,9990,23,,,10008,12,10010,23,,,10000.0,0.0
192,-2,9600,TOMATOES,4992,3,4986,10,4985,20,5000,10,5001,20,,,4996.0,0.0
193,-2,9600,EMERALDS,9992,10,9990,29,,,10008,10,10010,29,,,10000.0,0.0
194,-2,9700,EMERALDS,9992,13,9990,28,,,10008,13,10010,28,,,10000.0,0.0
195,-2,9700,TOMATOES,4986,7,4985,25,,,5000,7,5001,25,,,4993.0,0.0
196,-2,9800,EMERALDS,9992,15,9990,23,,,10008,15,10010,23,,,10000.0,0.0
197,-2,9800,TOMATOES,4986,6,4985,21,,,5000,6,5001,21,,,4993.0,0.0
198,-2,9900,TOMATOES,4987,10,4986,21,,,5001,10,5002,21,,,4994.0,0.0
199,-2,9900,EMERALDS,9992,14,9990,25,,,10008,14,10010,25,,,10000.0,0.0
200,-2,10000,TOMATOES,4987,10,4986,24,,,5001,10,5002,24,,,4994.0,0.0
201,-2,10000,EMERALDS,9992,11,9990,30,,,10008,11,10010,30,,,10000.0,0.0
202,-2,10100,EMERALDS,9992,10,9990,25,,,10008,10,10010,25,,,10000.0,0.0
203,-2,10100,TOMATOES,4992,6,4987,10,4986,16,5001,10,5002,16,,,4996.5,0.0
204,-2,10200,EMERALDS,9992,13,9990,29,,,10008,13,10010,29,,,10000.0,0.0
205,-2,10200,TOMATOES,4987,7,4986,17,,,5001,7,5002,17,,,4994.0,0.0
206,-2,10300,TOMATOES,4987,10,4986,16,,,5001,10,5002,16,,,4994.0,0.0
207,-2,10300,EMERALDS,9992,13,9990,23,,,10008,13,10010,23,,,10000.0,0.0
208,-2,10400,TOMATOES,4986,8,4985,16,,,5000,8,5001,16,,,4993.0,0.0
209,-2,10400,EMERALDS,9992,10,9990,22,,,10008,10,10010,22,,,10000.0,0.0
210,-2,10500,EMERALDS,9992,10,9990,20,,,10008,10,10010,20,,,10000.0,0.0
211,-2,10500,TOMATOES,4987,10,4986,22,,,5000,10,5001,22,,,4993.5,0.0
212,-2,10600,EMERALDS,9992,13,9990,29,,,10008,13,10010,29,,,10000.0,0.0
213,-2,10600,TOMATOES,4986,10,4985,22,,,5000,10,5001,22,,,4993.0,0.0
214,-2,10700,TOMATOES,4986,5,4984,18,,,4999,5,5000,18,,,4992.5,0.0
215,-2,10700,EMERALDS,9992,14,9990,29,,,10008,14,10010,29,,,10000.0,0.0
216,-2,10800,TOMATOES,4985,5,4984,21,,,4999,5,5000,21,,,4992.0,0.0
217,-2,10800,EMERALDS,9992,11,9990,22,,,10008,11,10010,22,,,10000.0,0.0
218,-2,10900,EMERALDS,9992,15,9990,21,,,10008,15,10010,21,,,10000.0,0.0
219,-2,10900,TOMATOES,4985,8,4983,22,,,4998,8,4999,22,,,4991.5,0.0
220,-2,11000,EMERALDS,9992,13,9990,27,,,10008,13,10010,27,,,10000.0,0.0
221,-2,11000,TOMATOES,4985,8,4984,17,,,4999,8,5000,17,,,4992.0,0.0
222,-2,11100,TOMATOES,4985,9,4983,15,,,4998,9,4999,15,,,4991.5,0.0
223,-2,11100,EMERALDS,9992,11,9990,29,,,10008,11,10010,29,,,10000.0,0.0
224,-2,11200,TOMATOES,4985,10,4984,18,,,4998,10,4999,18,,,4991.5,0.0
225,-2,11200,EMERALDS,10000,5,9992,10,9990,20,10008,10,10010,20,,,10004.0,0.0
226,-2,11300,EMERALDS,9992,12,9990,21,,,10008,12,10010,21,,,10000.0,0.0
227,-2,11300,TOMATOES,4985,9,4984,21,,,4999,9,5000,21,,,4992.0,0.0
228,-2,11400,EMERALDS,9992,12,9990,30,,,10008,12,10010,30,,,10000.0,0.0
229,-2,11400,TOMATOES,4985,8,4984,15,,,4998,8,5000,15,,,4991.5,0.0
230,-2,11500,TOMATOES,4984,8,4983,23,,,4998,8,4999,23,,,4991.0,0.0
231,-2,11500,EMERALDS,9992,13,9990,24,,,10008,13,10010,24,,,10000.0,0.0
232,-2,11600,TOMATOES,4986,9,4984,21,,,4999,9,5000,21,,,4992.5,0.0
233,-2,11600,EMERALDS,9992,12,9990,30,,,10008,12,10010,30,,,10000.0,0.0
234,-2,11700,EMERALDS,9992,13,9990,22,,,10008,13,10010,22,,,10000.0,0.0
235,-2,11700,TOMATOES,4985,5,4984,19,,,4999,5,5000,19,,,4992.0,0.0
236,-2,11800,EMERALDS,9992,10,9990,29,,,10008,10,10010,29,,,10000.0,0.0
237,-2,11800,TOMATOES,4986,10,4984,21,,,4999,10,5000,21,,,4992.5,0.0
238,-2,11900,TOMATOES,4986,6,4985,21,,,4999,6,5001,21,,,4992.5,0.0
239,-2,11900,EMERALDS,9992,14,9990,22,,,10008,14,10010,22,,,10000.0,0.0
240,-2,12000,TOMATOES,4986,8,4985,20,,,5000,8,5001,20,,,4993.0,0.0
241,-2,12000,EMERALDS,9992,13,9990,28,,,10008,13,10010,28,,,10000.0,0.0
242,-2,12100,EMERALDS,9992,11,9990,21,,,10008,11,10010,21,,,10000.0,0.0
243,-2,12100,TOMATOES,4986,5,4985,21,,,4999,5,5001,21,,,4992.5,0.0
244,-2,12200,EMERALDS,9992,13,9990,23,,,10008,13,10010,23,,,10000.0,0.0
245,-2,12200,TOMATOES,4987,5,4985,21,,,5000,5,5001,21,,,4993.5,0.0
246,-2,12300,TOMATOES,4987,5,4985,18,,,5000,5,5001,18,,,4993.5,0.0
247,-2,12300,EMERALDS,9992,11,9990,28,,,10000,9,10008,11,10010,28,9996.0,0.0
248,-2,12400,TOMATOES,4987,6,4985,24,,,5000,6,5001,24,,,4993.5,0.0
249,-2,12400,EMERALDS,9992,15,9990,25,,,10008,15,10010,25,,,10000.0,0.0
250,-2,12500,EMERALDS,9992,13,9990,28,,,10008,13,10010,28,,,10000.0,0.0
251,-2,12500,TOMATOES,4987,10,4985,23,,,5000,10,5001,23,,,4993.5,0.0
252,-2,12600,EMERALDS,9992,15,9990,26,,,10008,15,10010,26,,,10000.0,0.0
253,-2,12600,TOMATOES,4985,7,4984,16,,,4999,7,5000,16,,,4992.0,0.0
254,-2,12700,TOMATOES,4986,6,4985,18,,,4999,6,5001,18,,,4992.5,0.0
255,-2,12700,EMERALDS,9992,13,9990,22,,,10008,13,10010,22,,,10000.0,0.0
256,-2,12800,EMERALDS,9992,14,9990,20,,,10008,14,10010,20,,,10000.0,0.0
257,-2,12800,TOMATOES,4986,8,4985,17,,,5000,8,5001,17,,,4993.0,0.0
258,-2,12900,TOMATOES,4986,10,4984,20,,,4999,10,5000,20,,,4992.5,0.0
259,-2,12900,EMERALDS,9992,10,9990,20,,,10008,10,10010,20,,,10000.0,0.0
260,-2,13000,EMERALDS,9992,15,9990,30,,,10008,15,10010,30,,,10000.0,0.0
261,-2,13000,TOMATOES,4986,9,4985,25,,,5000,9,5001,25,,,4993.0,0.0
262,-2,13100,TOMATOES,4992,6,4986,6,4985,25,5000,6,5001,25,,,4996.0,0.0
263,-2,13100,EMERALDS,9992,10,9990,21,,,10008,10,10010,21,,,10000.0,0.0
264,-2,13200,EMERALDS,9992,12,9990,22,,,10008,12,10010,22,,,10000.0,0.0
265,-2,13200,TOMATOES,4986,5,4985,23,,,4999,5,5001,23,,,4992.5,0.0
266,-2,13300,TOMATOES,4986,7,4985,21,,,4999,7,5001,21,,,4992.5,0.0
267,-2,13300,EMERALDS,9992,11,9990,27,,,10008,11,10010,27,,,10000.0,0.0
268,-2,13400,EMERALDS,9992,15,9990,27,,,10008,15,10010,27,,,10000.0,0.0
269,-2,13400,TOMATOES,4986,8,4984,21,,,4999,8,5000,21,,,4992.5,0.0
270,-2,13500,TOMATOES,4985,5,4984,16,,,4999,5,5000,16,,,4992.0,0.0
271,-2,13500,EMERALDS,9992,14,9990,27,,,10008,14,10010,27,,,10000.0,0.0
272,-2,13600,EMERALDS,9992,13,9990,24,,,10008,13,10010,24,,,10000.0,0.0
273,-2,13600,TOMATOES,4991,3,4986,9,4984,25,4999,9,5000,25,,,4995.0,0.0
274,-2,13700,TOMATOES,4985,6,4984,22,,,4999,6,5000,22,,,4992.0,0.0
275,-2,13700,EMERALDS,9992,14,9990,20,,,10008,14,10010,20,,,10000.0,0.0
276,-2,13800,EMERALDS,9992,13,9990,22,,,10008,13,10010,22,,,10000.0,0.0
277,-2,13800,TOMATOES,4985,7,4984,24,,,4999,7,5000,24,,,4992.0,0.0
278,-2,13900,TOMATOES,4985,8,4984,15,,,4999,8,5000,15,,,4992.0,0.0
279,-2,13900,EMERALDS,9992,14,9990,20,,,10008,14,10010,20,,,10000.0,0.0
280,-2,14000,EMERALDS,9992,14,9990,25,,,10008,14,10010,25,,,10000.0,0.0
281,-2,14000,TOMATOES,4985,7,4984,16,,,4998,7,5000,16,,,4991.5,0.0
282,-2,14100,TOMATOES,4985,7,4984,22,,,4998,7,5000,22,,,4991.5,0.0
283,-2,14100,EMERALDS,9992,12,9990,25,,,10008,12,10010,25,,,10000.0,0.0
284,-2,14200,EMERALDS,9992,10,9990,23,,,10008,10,10010,23,,,10000.0,0.0
285,-2,14200,TOMATOES,4984,5,4983,18,,,4998,5,4999,18,,,4991.0,0.0
286,-2,14300,TOMATOES,4983,7,4982,23,,,4997,7,4998,23,,,4990.0,0.0
287,-2,14300,EMERALDS,10000,7,9992,14,9990,23,10008,14,10010,23,,,10004.0,0.0
288,-2,14400,EMERALDS,9992,14,9990,20,,,10008,14,10010,20,,,10000.0,0.0
289,-2,14400,TOMATOES,4983,8,4982,17,,,4997,8,4998,17,,,4990.0,0.0
290,-2,14500,TOMATOES,4983,6,4982,17,,,4997,6,4998,17,,,4990.0,0.0
291,-2,14500,EMERALDS,9992,14,9990,30,,,10008,14,10010,30,,,10000.0,0.0
292,-2,14600,EMERALDS,9992,15,9990,20,,,10000,8,10008,15,10010,20,9996.0,0.0
293,-2,14600,TOMATOES,4991,5,4983,8,4982,18,4997,8,4998,18,,,4994.0,0.0
294,-2,14700,TOMATOES,4983,7,4982,19,,,4997,7,4998,19,,,4990.0,0.0
295,-2,14700,EMERALDS,9992,15,9990,20,,,10008,15,10010,20,,,10000.0,0.0
296,-2,14800,EMERALDS,9992,13,9990,28,,,10008,13,10010,28,,,10000.0,0.0
297,-2,14800,TOMATOES,4984,6,4983,25,,,4998,6,4999,25,,,4991.0,0.0
298,-2,14900,TOMATOES,4984,7,4983,16,,,4997,7,4999,16,,,4990.5,0.0
299,-2,14900,EMERALDS,9992,10,9990,29,,,10000,9,10008,10,10010,29,9996.0,0.0
300,-2,15000,TOMATOES,4984,6,4983,25,,,4998,6,4999,25,,,4991.0,0.0
301,-2,15000,EMERALDS,9992,10,9990,21,,,10008,10,10010,21,,,10000.0,0.0
302,-2,15100,EMERALDS,9992,15,9990,29,,,10008,15,10010,29,,,10000.0,0.0
303,-2,15100,TOMATOES,4985,8,4983,17,,,4998,8,4999,17,,,4991.5,0.0
304,-2,15200,EMERALDS,9992,11,9990,28,,,10008,11,10010,28,,,10000.0,0.0
305,-2,15200,TOMATOES,4984,5,4983,15,,,4998,5,4999,15,,,4991.0,0.0
306,-2,15300,TOMATOES,4985,9,4984,19,,,4998,9,4999,19,,,4991.5,0.0
307,-2,15300,EMERALDS,9992,10,9990,26,,,10008,10,10010,26,,,10000.0,0.0
308,-2,15400,TOMATOES,4985,5,4984,25,,,4999,5,5000,25,,,4992.0,0.0
309,-2,15400,EMERALDS,9992,13,9990,22,,,10008,13,10010,22,,,10000.0,0.0
310,-2,15500,EMERALDS,9992,14,9990,24,,,10008,14,10010,24,,,10000.0,0.0
311,-2,15500,TOMATOES,4986,6,4984,18,,,4999,6,5000,18,,,4992.5,0.0
312,-2,15600,EMERALDS,9992,15,9990,25,,,10008,15,10010,25,,,10000.0,0.0
313,-2,15600,TOMATOES,4985,8,4984,22,,,4999,8,5000,22,,,4992.0,0.0
314,-2,15700,TOMATOES,4985,5,4984,21,,,4999,5,5000,21,,,4992.0,0.0
315,-2,15700,EMERALDS,9992,11,9990,29,,,10008,11,10010,29,,,10000.0,0.0
316,-2,15800,TOMATOES,4986,7,4985,24,,,4999,7,5001,24,,,4992.5,0.0
317,-2,15800,EMERALDS,9992,10,9990,20,,,10008,10,10010,20,,,10000.0,0.0
318,-2,15900,EMERALDS,9992,12,9990,25,,,10008,12,10010,25,,,10000.0,0.0
319,-2,15900,TOMATOES,4985,7,4984,18,,,4998,7,5000,18,,,4991.5,0.0
320,-2,16000,EMERALDS,9992,10,9990,21,,,10008,10,10010,21,,,10000.0,0.0
321,-2,16000,TOMATOES,4985,6,4984,16,,,4999,6,5000,16,,,4992.0,0.0
322,-2,16100,TOMATOES,4985,10,4984,16,,,4998,10,5000,16,,,4991.5,0.0
323,-2,16100,EMERALDS,9992,14,9990,25,,,10008,14,10010,25,,,10000.0,0.0
324,-2,16200,TOMATOES,4991,4,4985,5,4984,23,4999,5,5000,23,,,4995.0,0.0
325,-2,16200,EMERALDS,9992,12,9990,29,,,10008,12,10010,29,,,10000.0,0.0
326,-2,16300,EMERALDS,9992,13,9990,30,,,10008,13,10010,30,,,10000.0,0.0
327,-2,16300,TOMATOES,4986,8,4984,22,,,4999,8,5000,22,,,4992.5,0.0
328,-2,16400,EMERALDS,9992,12,9990,27,,,10008,12,10010,27,,,10000.0,0.0
329,-2,16400,TOMATOES,4985,9,4984,21,,,4992,6,4999,9,5000,21,4988.5,0.0
330,-2,16500,TOMATOES,4986,7,4984,23,,,4999,7,5000,23,,,4992.5,0.0
331,-2,16500,EMERALDS,9992,12,9990,26,,,10008,12,10010,26,,,10000.0,0.0
332,-2,16600,TOMATOES,4986,8,4985,20,,,5000,8,5001,20,,,4993.0,0.0
333,-2,16600,EMERALDS,9992,13,9990,23,,,10008,13,10010,23,,,10000.0,0.0
334,-2,16700,EMERALDS,9992,13,9990,24,,,10008,13,10010,24,,,10000.0,0.0
335,-2,16700,TOMATOES,4986,5,4985,16,,,5000,5,5001,16,,,4993.0,0.0
336,-2,16800,EMERALDS,9992,11,9990,21,,,10008,11,10010,21,,,10000.0,0.0
337,-2,16800,TOMATOES,4986,9,4985,18,,,4999,9,5001,18,,,4992.5,0.0
338,-2,16900,TOMATOES,4986,6,4985,19,,,4999,6,5001,19,,,4992.5,0.0
339,-2,16900,EMERALDS,9992,12,9990,25,,,10008,12,10010,25,,,10000.0,0.0
340,-2,17000,TOMATOES,4986,9,4985,23,,,5000,9,5001,23,,,4993.0,0.0
341,-2,17000,EMERALDS,9992,10,9990,27,,,10008,10,10010,27,,,10000.0,0.0
342,-2,17100,EMERALDS,9992,14,9990,25,,,10008,14,10010,25,,,10000.0,0.0
343,-2,17100,TOMATOES,4986,8,4985,18,,,5000,8,5001,18,,,4993.0,0.0
344,-2,17200,EMERALDS,9992,14,9990,30,,,10008,14,10010,30,,,10000.0,0.0
345,-2,17200,TOMATOES,4986,10,4985,15,,,5000,10,5001,15,,,4993.0,0.0
346,-2,17300,TOMATOES,4986,7,4985,16,,,5000,7,5001,16,,,4993.0,0.0
347,-2,17300,EMERALDS,9992,12,9990,24,,,10008,12,10010,24,,,10000.0,0.0
348,-2,17400,TOMATOES,4987,7,4986,23,,,5001,7,5002,23,,,4994.0,0.0
349,-2,17400,EMERALDS,9992,10,9990,26,,,10008,10,10010,26,,,10000.0,0.0
350,-2,17500,EMERALDS,9992,11,9990,21,,,10008,11,10010,21,,,10000.0,0.0
351,-2,17500,TOMATOES,4988,6,4987,15,,,5001,6,5003,15,,,4994.5,0.0
352,-2,17600,EMERALDS,9992,15,9990,29,,,10008,15,10010,29,,,10000.0,0.0
353,-2,17600,TOMATOES,4987,9,4986,17,,,5001,9,5002,17,,,4994.0,0.0
354,-2,17700,TOMATOES,4986,5,4985,19,,,5000,5,5001,19,,,4993.0,0.0
355,-2,17700,EMERALDS,9992,10,9990,26,,,10008,10,10010,26,,,10000.0,0.0
356,-2,17800,TOMATOES,4986,7,4985,20,,,4999,7,5001,20,,,4992.5,0.0
357,-2,17800,EMERALDS,9992,13,9990,29,,,10008,13,10010,29,,,10000.0,0.0
358,-2,17900,EMERALDS,9992,14,9990,20,,,10008,14,10010,20,,,10000.0,0.0
359,-2,17900,TOMATOES,4985,6,4984,16,,,4998,6,5000,16,,,4991.5,0.0
360,-2,18000,EMERALDS,9992,12,9990,29,,,10008,12,10010,29,,,10000.0,0.0
361,-2,18000,TOMATOES,4990,3,4985,5,4984,24,4999,5,5000,24,,,4994.5,0.0
362,-2,18100,TOMATOES,4986,5,4985,21,,,5000,5,5001,21,,,4993.0,0.0
363,-2,18100,EMERALDS,9992,11,9990,26,,,10008,11,10010,26,,,10000.0,0.0
364,-2,18200,TOMATOES,4986,10,4985,24,,,5000,10,5001,24,,,4993.0,0.0
365,-2,18200,EMERALDS,9992,15,9990,28,,,10008,15,10010,28,,,10000.0,0.0
366,-2,18300,EMERALDS,9992,14,9990,27,,,10008,14,10010,27,,,10000.0,0.0
367,-2,18300,TOMATOES,4986,10,4985,18,,,5000,10,5001,18,,,4993.0,0.0
368,-2,18400,EMERALDS,9992,11,9990,20,,,10008,11,10010,20,,,10000.0,0.0
369,-2,18400,TOMATOES,4987,10,4986,24,,,5000,10,5001,24,,,4993.5,0.0
370,-2,18500,TOMATOES,4987,6,4986,22,,,5001,6,5002,22,,,4994.0,0.0
371,-2,18500,EMERALDS,9992,15,9990,26,,,10008,15,10010,26,,,10000.0,0.0
372,-2,18600,TOMATOES,4987,8,4986,17,,,5001,8,5002,17,,,4994.0,0.0
373,-2,18600,EMERALDS,9992,14,9990,30,,,10008,14,10010,30,,,10000.0,0.0
374,-2,18700,EMERALDS,9992,11,9990,30,,,10008,11,10010,30,,,10000.0,0.0
375,-2,18700,TOMATOES,4993,3,4987,9,4986,20,5001,9,5002,20,,,4997.0,0.0
376,-2,18800,EMERALDS,9992,13,9990,24,,,10008,13,10010,24,,,10000.0,0.0
377,-2,18800,TOMATOES,4988,5,4987,25,,,5001,5,5003,25,,,4994.5,0.0
378,-2,18900,TOMATOES,4988,9,4987,18,,,5001,9,5003,18,,,4994.5,0.0
379,-2,18900,EMERALDS,9992,10,9990,23,,,10008,10,10010,23,,,10000.0,0.0
380,-2,19000,TOMATOES,4988,8,4987,23,,,5001,8,5003,23,,,4994.5,0.0
381,-2,19000,EMERALDS,9992,11,9990,23,,,10008,11,10010,23,,,10000.0,0.0
382,-2,19100,EMERALDS,9992,11,9990,23,,,10008,11,10010,23,,,10000.0,0.0
383,-2,19100,TOMATOES,4988,9,4986,23,,,5001,9,5002,23,,,4994.5,0.0
384,-2,19200,EMERALDS,9992,14,9990,24,,,10008,14,10010,24,,,10000.0,0.0
385,-2,19200,TOMATOES,4987,10,4986,16,,,5001,10,5002,16,,,4994.0,0.0
386,-2,19300,TOMATOES,4986,10,4985,18,,,5000,10,5001,18,,,4993.0,0.0
387,-2,19300,EMERALDS,9992,10,9990,29,,,10008,10,10010,29,,,10000.0,0.0
388,-2,19400,TOMATOES,4987,6,4985,18,,,5000,6,5001,18,,,4993.5,0.0
389,-2,19400,EMERALDS,9992,13,9990,22,,,10008,13,10010,22,,,10000.0,0.0
390,-2,19500,EMERALDS,9992,14,9990,29,,,10008,14,10010,29,,,10000.0,0.0
391,-2,19500,TOMATOES,4986,6,4985,17,,,4999,6,5001,17,,,4992.5,0.0
392,-2,19600,EMERALDS,9992,10,9990,21,,,10008,10,10010,21,,,10000.0,0.0
393,-2,19600,TOMATOES,4986,6,4985,17,,,5000,6,5001,17,,,4993.0,0.0
394,-2,19700,TOMATOES,4986,9,4985,22,,,5000,9,5001,22,,,4993.0,0.0
395,-2,19700,EMERALDS,9992,15,9990,25,,,10008,15,10010,25,,,10000.0,0.0
396,-2,19800,TOMATOES,4986,6,4985,24,,,5000,6,5001,24,,,4993.0,0.0
397,-2,19800,EMERALDS,9992,15,9990,23,,,10008,15,10010,23,,,10000.0,0.0
398,-2,19900,EMERALDS,9992,12,9990,24,,,10008,12,10010,24,,,10000.0,0.0
399,-2,19900,TOMATOES,4987,5,4986,25,,,5000,5,5002,25,,,4993.5,0.0
400,-2,20000,EMERALDS,9992,15,9990,28,,,10008,15,10010,28,,,10000.0,0.0
401,-2,20000,TOMATOES,4987,7,4986,20,,,5001,7,5002,20,,,4994.0,0.0
402,-2,20100,TOMATOES,4987,8,4986,15,,,5001,8,5002,15,,,4994.0,0.0
403,-2,20100,EMERALDS,9992,15,9990,30,,,10008,15,10010,30,,,10000.0,0.0
404,-2,20200,TOMATOES,4988,5,4986,17,,,5001,5,5002,17,,,4994.5,0.0
405,-2,20200,EMERALDS,9992,12,9990,27,,,10008,12,10010,27,,,10000.0,0.0
406,-2,20300,EMERALDS,9992,13,9990,24,,,10008,13,10010,24,,,10000.0,0.0
407,-2,20300,TOMATOES,4987,8,4986,20,,,5001,8,5002,20,,,4994.0,0.0
408,-2,20400,EMERALDS,9992,12,9990,25,,,10008,12,10010,25,,,10000.0,0.0
409,-2,20400,TOMATOES,4988,8,4987,15,,,5002,8,5003,15,,,4995.0,0.0
410,-2,20500,TOMATOES,4988,6,4987,18,,,5002,6,5003,18,,,4995.0,0.0
411,-2,20500,EMERALDS,9992,10,9990,24,,,10008,10,10010,24,,,10000.0,0.0
412,-2,20600,TOMATOES,4988,6,4986,24,,,5001,6,5002,24,,,4994.5,0.0
413,-2,20600,EMERALDS,9992,10,9990,21,,,10008,10,10010,21,,,10000.0,0.0
414,-2,20700,EMERALDS,9992,15,9990,22,,,10008,15,10010,22,,,10000.0,0.0
415,-2,20700,TOMATOES,4987,7,4986,19,,,5001,7,5002,19,,,4994.0,0.0
416,-2,20800,EMERALDS,9992,13,9990,21,,,10008,13,10010,21,,,10000.0,0.0
417,-2,20800,TOMATOES,4987,10,4986,23,,,5001,10,5002,23,,,4994.0,0.0
418,-2,20900,TOMATOES,4987,10,4986,16,,,5000,10,5002,16,,,4993.5,0.0
419,-2,20900,EMERALDS,9992,13,9990,28,,,10008,13,10010,28,,,10000.0,0.0
420,-2,21000,TOMATOES,4987,10,4986,24,,,5000,10,5002,24,,,4993.5,0.0
421,-2,21000,EMERALDS,9992,12,9990,28,,,10008,12,10010,28,,,10000.0,0.0
422,-2,21100,EMERALDS,9992,15,9990,22,,,10008,15,10010,22,,,10000.0,0.0
423,-2,21100,TOMATOES,4987,9,4986,24,,,5000,9,5002,24,,,4993.5,0.0
424,-2,21200,EMERALDS,9992,14,9990,27,,,10008,14,10010,27,,,10000.0,0.0
425,-2,21200,TOMATOES,4987,6,4986,25,,,5000,6,5002,25,,,4993.5,0.0
426,-2,21300,TOMATOES,4987,9,4986,23,,,5001,9,5002,23,,,4994.0,0.0
427,-2,21300,EMERALDS,9992,15,9990,27,,,10008,15,10010,27,,,10000.0,0.0
428,-2,21400,TOMATOES,4987,9,4986,20,,,5000,9,5002,20,,,4993.5,0.0
429,-2,21400,EMERALDS,9992,14,9990,21,,,10008,14,10010,21,,,10000.0,0.0
430,-2,21500,EMERALDS,9992,15,9990,25,,,10008,15,10010,25,,,10000.0,0.0
431,-2,21500,TOMATOES,4987,5,4986,16,,,5001,5,5002,16,,,4994.0,0.0
432,-2,21600,EMERALDS,9992,10,9990,23,,,10008,10,10010,23,,,10000.0,0.0
433,-2,21600,TOMATOES,4987,6,4986,18,,,5000,6,5002,18,,,4993.5,0.0
434,-2,21700,TOMATOES,4988,6,4986,18,,,5001,6,5002,18,,,4994.5,0.0
435,-2,21700,EMERALDS,9992,13,9990,22,,,10008,13,10010,22,,,10000.0,0.0
436,-2,21800,EMERALDS,9992,11,9990,25,,,10008,11,10010,25,,,10000.0,0.0
437,-2,21800,TOMATOES,4987,10,4986,25,,,5001,10,5002,25,,,4994.0,0.0
438,-2,21900,TOMATOES,4987,6,4986,18,,,5000,6,5001,18,,,4993.5,0.0
439,-2,21900,EMERALDS,10000,6,9992,12,9990,21,10008,12,10010,21,,,10004.0,0.0
440,-2,22000,EMERALDS,9992,12,9990,24,,,10008,12,10010,24,,,10000.0,0.0
441,-2,22000,TOMATOES,4986,9,4985,25,,,5000,9,5001,25,,,4993.0,0.0
442,-2,22100,TOMATOES,4987,9,4986,19,,,5000,9,5002,19,,,4993.5,0.0
443,-2,22100,EMERALDS,9992,14,9990,25,,,10008,14,10010,25,,,10000.0,0.0
444,-2,22200,EMERALDS,9992,15,9990,25,,,10008,15,10010,25,,,10000.0,0.0
445,-2,22200,TOMATOES,4987,10,4986,24,,,5001,10,5002,24,,,4994.0,0.0
446,-2,22300,TOMATOES,4988,9,4987,23,,,4993,9,5001,9,5003,23,4990.5,0.0
447,-2,22300,EMERALDS,9992,15,9990,27,,,10008,15,10010,27,,,10000.0,0.0
448,-2,22400,EMERALDS,9992,11,9990,28,,,10008,11,10010,28,,,10000.0,0.0
449,-2,22400,TOMATOES,4988,7,4986,17,,,4993,11,5001,7,5002,17,4990.5,0.0
450,-2,22500,TOMATOES,4987,9,4986,16,,,5001,9,5002,16,,,4994.0,0.0
451,-2,22500,EMERALDS,9992,14,9990,29,,,10008,14,10010,29,,,10000.0,0.0
452,-2,22600,EMERALDS,9992,13,9990,22,,,10008,13,10010,22,,,10000.0,0.0
453,-2,22600,TOMATOES,4987,5,4986,22,,,5000,5,5001,22,,,4993.5,0.0
454,-2,22700,TOMATOES,4987,7,4985,15,,,5000,7,5001,15,,,4993.5,0.0
455,-2,22700,EMERALDS,9992,13,9990,27,,,10008,13,10010,27,,,10000.0,0.0
456,-2,22800,EMERALDS,10000,6,9992,10,9990,20,10008,10,10010,20,,,10004.0,0.0
457,-2,22800,TOMATOES,4987,8,4985,23,,,5000,8,5001,23,,,4993.5,0.0
458,-2,22900,TOMATOES,4988,8,4987,18,,,5002,8,5003,18,,,4995.0,0.0
459,-2,22900,EMERALDS,9992,13,9990,21,,,10008,13,10010,21,,,10000.0,0.0
460,-2,23000,EMERALDS,9992,13,9990,24,,,10008,13,10010,24,,,10000.0,0.0
461,-2,23000,TOMATOES,4987,5,4986,24,,,5001,5,5002,24,,,4994.0,0.0
462,-2,23100,TOMATOES,4987,6,4986,23,,,5001,6,5002,23,,,4994.0,0.0
463,-2,23100,EMERALDS,9992,15,9990,21,,,10008,15,10010,21,,,10000.0,0.0
464,-2,23200,EMERALDS,9992,13,9990,28,,,10008,13,10010,28,,,10000.0,0.0
465,-2,23200,TOMATOES,4988,5,4987,25,,,5001,5,5003,25,,,4994.5,0.0
466,-2,23300,TOMATOES,4993,4,4988,9,4987,19,5002,9,5003,19,,,4997.5,0.0
467,-2,23300,EMERALDS,9992,15,9990,20,,,10008,15,10010,20,,,10000.0,0.0
468,-2,23400,EMERALDS,9992,10,9990,21,,,10008,10,10010,21,,,10000.0,0.0
469,-2,23400,TOMATOES,4989,5,4987,25,,,5002,5,5003,25,,,4995.5,0.0
470,-2,23500,TOMATOES,4988,6,4987,15,,,5002,6,5003,15,,,4995.0,0.0
471,-2,23500,EMERALDS,9992,14,9990,22,,,10008,14,10010,22,,,10000.0,0.0
472,-2,23600,EMERALDS,9992,14,9990,22,,,10008,14,10010,22,,,10000.0,0.0
473,-2,23600,TOMATOES,4989,7,4987,20,,,5002,7,5003,20,,,4995.5,0.0
474,-2,23700,TOMATOES,4989,9,4987,22,,,5002,9,5003,22,,,4995.5,0.0
475,-2,23700,EMERALDS,9992,14,9990,26,,,10008,14,10010,26,,,10000.0,0.0
476,-2,23800,EMERALDS,9992,12,9990,27,,,10008,12,10010,27,,,10000.0,0.0
477,-2,23800,TOMATOES,4988,6,4987,18,,,5001,6,5003,18,,,4994.5,0.0
478,-2,23900,TOMATOES,4988,5,4986,24,,,5001,5,5002,24,,,4994.5,0.0
479,-2,23900,EMERALDS,9992,14,9990,23,,,10008,14,10010,23,,,10000.0,0.0
480,-2,24000,TOMATOES,4987,6,4986,19,,,5001,6,5002,19,,,4994.0,0.0
481,-2,24000,EMERALDS,9992,14,9990,24,,,10008,14,10010,24,,,10000.0,0.0
482,-2,24100,EMERALDS,9992,13,9990,29,,,10000,6,10008,13,10010,29,9996.0,0.0
483,-2,24100,TOMATOES,4987,9,4986,16,,,5001,9,5002,16,,,4994.0,0.0
484,-2,24200,EMERALDS,9992,12,9990,30,,,10008,12,10010,30,,,10000.0,0.0
485,-2,24200,TOMATOES,4987,7,4986,20,,,5001,7,5002,20,,,4994.0,0.0
486,-2,24300,TOMATOES,4987,5,4986,24,,,5000,5,5002,24,,,4993.5,0.0
487,-2,24300,EMERALDS,9992,15,9990,29,,,10008,15,10010,29,,,10000.0,0.0
488,-2,24400,TOMATOES,4987,9,4986,19,,,5000,9,5002,19,,,4993.5,0.0
489,-2,24400,EMERALDS,9992,14,9990,28,,,10008,14,10010,28,,,10000.0,0.0
490,-2,24500,EMERALDS,9992,15,9990,20,,,10008,15,10010,20,,,10000.0,0.0
491,-2,24500,TOMATOES,4987,6,4986,22,,,5001,6,5002,22,,,4994.0,0.0
492,-2,24600,EMERALDS,9992,10,9990,28,,,10008,10,10010,28,,,10000.0,0.0
493,-2,24600,TOMATOES,4988,7,4986,22,,,5001,7,5002,22,,,4994.5,0.0
494,-2,24700,TOMATOES,4988,8,4987,21,,,5002,8,5003,21,,,4995.0,0.0
495,-2,24700,EMERALDS,9992,10,9990,27,,,10008,10,10010,27,,,10000.0,0.0
496,-2,24800,TOMATOES,4988,10,4987,19,,,5001,10,5003,19,,,4994.5,0.0
497,-2,24800,EMERALDS,9992,14,9990,21,,,10008,14,10010,21,,,10000.0,0.0
498,-2,24900,EMERALDS,9992,11,9990,26,,,10008,11,10010,26,,,10000.0,0.0
499,-2,24900,TOMATOES,4988,8,4987,15,,,5002,8,5003,15,,,4995.0,0.0
500,-2,25000,EMERALDS,9992,15,9990,22,,,10008,15,10010,22,,,10000.0,0.0
501,-2,25000,TOMATOES,4988,5,4987,23,,,5002,5,5003,23,,,4995.0,0.0
502,-2,25100,TOMATOES,4988,6,4987,23,,,5001,6,5003,23,,,4994.5,0.0
503,-2,25100,EMERALDS,9992,14,9990,24,,,10008,14,10010,24,,,10000.0,0.0
504,-2,25200,TOMATOES,4988,8,4986,18,,,5001,8,5002,18,,,4994.5,0.0
505,-2,25200,EMERALDS,9992,13,9990,25,,,10008,13,10010,25,,,10000.0,0.0
506,-2,25300,EMERALDS,9992,14,9990,23,,,10008,14,10010,23,,,10000.0,0.0
507,-2,25300,TOMATOES,4988,8,4987,22,,,5002,8,5003,22,,,4995.0,0.0
508,-2,25400,EMERALDS,9992,10,9990,22,,,10008,10,10010,22,,,10000.0,0.0
509,-2,25400,TOMATOES,4988,8,4987,19,,,5002,8,5003,19,,,4995.0,0.0
510,-2,25500,TOMATOES,4988,8,4987,19,,,5002,8,5003,19,,,4995.0,0.0
511,-2,25500,EMERALDS,9992,15,9990,29,,,10008,15,10010,29,,,10000.0,0.0
512,-2,25600,TOMATOES,4988,7,4987,17,,,5002,7,5003,17,,,4995.0,0.0
513,-2,25600,EMERALDS,9992,15,9990,29,,,10008,15,10010,29,,,10000.0,0.0
514,-2,25700,EMERALDS,9992,13,9990,28,,,10008,13,10010,28,,,10000.0,0.0
515,-2,25700,TOMATOES,4988,8,4987,18,,,5001,8,5003,18,,,4994.5,0.0
516,-2,25800,EMERALDS,9992,11,9990,23,,,10008,11,10010,23,,,10000.0,0.0
517,-2,25800,TOMATOES,4994,3,4989,7,4988,23,5003,7,5004,23,,,4998.5,0.0
518,-2,25900,TOMATOES,4989,5,4988,22,,,5003,5,5004,22,,,4996.0,0.0
519,-2,25900,EMERALDS,9992,11,9990,24,,,10008,11,10010,24,,,10000.0,0.0
520,-2,26000,TOMATOES,4990,7,4989,18,,,5004,7,5005,18,,,4997.0,0.0
521,-2,26000,EMERALDS,9992,11,9990,24,,,10008,11,10010,24,,,10000.0,0.0
522,-2,26100,EMERALDS,9992,12,9990,21,,,10008,12,10010,21,,,10000.0,0.0
523,-2,26100,TOMATOES,4990,10,4989,25,,,5004,10,5005,25,,,4997.0,0.0
524,-2,26200,EMERALDS,9992,12,9990,30,,,10008,12,10010,30,,,10000.0,0.0
525,-2,26200,TOMATOES,4991,9,4989,19,,,5004,9,5005,19,,,4997.5,0.0
526,-2,26300,TOMATOES,4991,6,4990,25,,,5005,6,5006,25,,,4998.0,0.0
527,-2,26300,EMERALDS,9992,13,9990,28,,,10008,13,10010,28,,,10000.0,0.0
528,-2,26400,TOMATOES,4991,8,4989,15,,,5004,8,5005,15,,,4997.5,0.0
529,-2,26400,EMERALDS,9992,14,9990,24,,,10008,14,10010,24,,,10000.0,0.0
530,-2,26500,EMERALDS,9992,13,9990,25,,,10008,13,10010,25,,,10000.0,0.0
531,-2,26500,TOMATOES,4990,5,4988,18,,,5003,5,5004,18,,,4996.5,0.0
532,-2,26600,EMERALDS,9992,15,9990,22,,,10008,15,10010,22,,,10000.0,0.0
533,-2,26600,TOMATOES,4989,6,4988,18,,,5003,6,5004,18,,,4996.0,0.0
534,-2,26700,TOMATOES,4994,2,4989,10,4988,21,5002,10,5004,21,,,4998.0,0.0
535,-2,26700,EMERALDS,9992,11,9990,22,,,10008,11,10010,22,,,10000.0,0.0
536,-2,26800,TOMATOES,4989,7,4987,25,,,4994,12,5002,7,5003,25,4991.5,0.0
537,-2,26800,EMERALDS,9992,12,9990,22,,,10008,12,10010,22,,,10000.0,0.0
538,-2,26900,EMERALDS,9992,14,9990,26,,,10008,14,10010,26,,,10000.0,0.0
539,-2,26900,TOMATOES,4988,6,4987,24,,,5002,6,5003,24,,,4995.0,0.0
540,-2,27000,EMERALDS,9992,10,9990,21,,,10008,10,10010,21,,,10000.0,0.0
541,-2,27000,TOMATOES,4988,9,4987,18,,,5001,9,5003,18,,,4994.5,0.0
542,-2,27100,TOMATOES,4988,8,4987,17,,,5002,8,5003,17,,,4995.0,0.0
543,-2,27100,EMERALDS,10000,9,9992,10,9990,30,10008,10,10010,30,,,10004.0,0.0
544,-2,27200,TOMATOES,4989,6,4987,21,,,5002,6,5003,21,,,4995.5,0.0
545,-2,27200,EMERALDS,10000,10,9992,10,9990,28,10008,10,10010,28,,,10004.0,0.0
546,-2,27300,EMERALDS,9992,15,9990,30,,,10008,15,10010,30,,,10000.0,0.0
547,-2,27300,TOMATOES,4988,10,4987,21,,,5001,10,5003,21,,,4994.5,0.0
548,-2,27400,EMERALDS,9992,15,9990,23,,,10008,15,10010,23,,,10000.0,0.0
549,-2,27400,TOMATOES,4988,10,4987,24,,,4995,6,5001,10,5003,24,4991.5,0.0
550,-2,27500,TOMATOES,4988,8,4987,15,,,5001,8,5003,15,,,4994.5,0.0
551,-2,27500,EMERALDS,9992,12,9990,26,,,10008,12,10010,26,,,10000.0,0.0
552,-2,27600,TOMATOES,4988,8,4987,19,,,5002,8,5003,19,,,4995.0,0.0
553,-2,27600,EMERALDS,9992,15,9990,29,,,10008,15,10010,29,,,10000.0,0.0
554,-2,27700,EMERALDS,9992,13,9990,27,,,10008,13,10010,27,,,10000.0,0.0
555,-2,27700,TOMATOES,4994,3,4988,7,4987,21,5002,7,5003,21,,,4998.0,0.0
556,-2,27800,EMERALDS,9992,13,9990,23,,,10008,13,10010,23,,,10000.0,0.0
557,-2,27800,TOMATOES,4988,9,4986,17,,,5001,9,5002,17,,,4994.5,0.0
558,-2,27900,TOMATOES,4987,10,4986,15,,,5001,10,5002,15,,,4994.0,0.0
559,-2,27900,EMERALDS,9992,12,9990,22,,,10008,12,10010,22,,,10000.0,0.0
560,-2,28000,TOMATOES,4987,7,4986,16,,,5000,7,5002,16,,,4993.5,0.0
561,-2,28000,EMERALDS,9992,10,9990,29,,,10008,10,10010,29,,,10000.0,0.0
562,-2,28100,EMERALDS,9992,15,9990,24,,,10008,15,10010,24,,,10000.0,0.0
563,-2,28100,TOMATOES,4987,6,4986,22,,,4994,5,5001,6,5002,22,4990.5,0.0
564,-2,28200,EMERALDS,9992,12,9990,23,,,10008,12,10010,23,,,10000.0,0.0
565,-2,28200,TOMATOES,4988,10,4986,21,,,5001,10,5002,21,,,4994.5,0.0
566,-2,28300,TOMATOES,4989,7,4987,21,,,5002,7,5003,21,,,4995.5,0.0
567,-2,28300,EMERALDS,9992,14,9990,27,,,10008,14,10010,27,,,10000.0,0.0
568,-2,28400,TOMATOES,4988,7,4987,17,,,5002,7,5003,17,,,4995.0,0.0
569,-2,28400,EMERALDS,9992,11,9990,23,,,10008,11,10010,23,,,10000.0,0.0
570,-2,28500,EMERALDS,9992,15,9990,25,,,10008,15,10010,25,,,10000.0,0.0
571,-2,28500,TOMATOES,4988,5,4987,22,,,5002,5,5003,22,,,4995.0,0.0
572,-2,28600,EMERALDS,9992,10,9990,24,,,10008,10,10010,24,,,10000.0,0.0
573,-2,28600,TOMATOES,4988,7,4986,24,,,5001,7,5002,24,,,4994.5,0.0
574,-2,28700,TOMATOES,4995,12,4988,5,4987,23,5002,5,5003,23,,,4998.5,0.0
575,-2,28700,EMERALDS,9992,10,9990,30,,,10008,10,10010,30,,,10000.0,0.0
576,-2,28800,TOMATOES,4988,7,4987,24,,,5002,7,5003,24,,,4995.0,0.0
577,-2,28800,EMERALDS,9992,12,9990,27,,,10008,12,10010,27,,,10000.0,0.0
578,-2,28900,EMERALDS,9992,10,9990,22,,,10008,10,10010,22,,,10000.0,0.0
579,-2,28900,TOMATOES,4988,5,4987,23,,,5002,5,5003,23,,,4995.0,0.0
580,-2,29000,EMERALDS,9992,12,9990,24,,,10008,12,10010,24,,,10000.0,0.0
581,-2,29000,TOMATOES,4989,8,4988,17,,,5003,8,5004,17,,,4996.0,0.0
582,-2,29100,TOMATOES,4989,5,4988,16,,,5003,5,5004,16,,,4996.0,0.0
583,-2,29100,EMERALDS,10000,6,9992,13,9990,21,10008,13,10010,21,,,10004.0,0.0
584,-2,29200,TOMATOES,4990,7,4989,23,,,5003,7,5004,23,,,4996.5,0.0
585,-2,29200,EMERALDS,9992,10,9990,30,,,10008,10,10010,30,,,10000.0,0.0
586,-2,29300,EMERALDS,9992,14,9990,23,,,10008,14,10010,23,,,10000.0,0.0
587,-2,29300,TOMATOES,4990,10,4989,23,,,5003,10,5005,23,,,4996.5,0.0
588,-2,29400,EMERALDS,9992,12,9990,25,,,10008,12,10010,25,,,10000.0,0.0
589,-2,29400,TOMATOES,4991,5,4989,22,,,5004,5,5005,22,,,4997.5,0.0
590,-2,29500,TOMATOES,4991,6,4989,19,,,5004,6,5005,19,,,4997.5,0.0
591,-2,29500,EMERALDS,9992,14,9990,29,,,10008,14,10010,29,,,10000.0,0.0
592,-2,29600,TOMATOES,4991,6,4990,24,,,5004,6,5006,24,,,4997.5,0.0
593,-2,29600,EMERALDS,9992,12,9990,22,,,10008,12,10010,22,,,10000.0,0.0
594,-2,29700,EMERALDS,9992,13,9990,29,,,10008,13,10010,29,,,10000.0,0.0
595,-2,29700,TOMATOES,4991,5,4990,17,,,5004,5,5006,17,,,4997.5,0.0
596,-2,29800,EMERALDS,9992,13,9990,20,,,10008,13,10010,20,,,10000.0,0.0
597,-2,29800,TOMATOES,4991,9,4990,22,,,5005,9,5006,22,,,4998.0,0.0
598,-2,29900,TOMATOES,4991,10,4989,21,,,5004,10,5005,21,,,4997.5,0.0
599,-2,29900,EMERALDS,9992,15,9990,27,,,10008,15,10010,27,,,10000.0,0.0
600,-2,30000,TOMATOES,4990,5,4989,24,,,5004,5,5005,24,,,4997.0,0.0
601,-2,30000,EMERALDS,9992,11,9990,27,,,10008,11,10010,27,,,10000.0,0.0
602,-2,30100,EMERALDS,9992,10,9990,21,,,10008,10,10010,21,,,10000.0,0.0
603,-2,30100,TOMATOES,4996,6,4991,10,4990,22,5004,10,5006,22,,,5000.0,0.0
604,-2,30200,EMERALDS,9992,12,9990,27,,,10008,12,10010,27,,,10000.0,0.0
605,-2,30200,TOMATOES,4992,6,4990,24,,,5005,6,5006,24,,,4998.5,0.0
606,-2,30300,TOMATOES,4991,7,4990,19,,,5004,7,5006,19,,,4997.5,0.0
607,-2,30300,EMERALDS,9992,11,9990,28,,,10008,11,10010,28,,,10000.0,0.0
608,-2,30400,TOMATOES,4990,9,4989,19,,,5004,9,5005,19,,,4997.0,0.0
609,-2,30400,EMERALDS,9992,15,9990,29,,,10008,15,10010,29,,,10000.0,0.0
610,-2,30500,TOMATOES,4990,5,4989,18,,,4996,8,5004,5,5005,18,4993.0,0.0
611,-2,30500,EMERALDS,9992,10,9990,20,,,10008,10,10010,20,,,10000.0,0.0
612,-2,30600,EMERALDS,9992,12,9990,29,,,10008,12,10010,29,,,10000.0,0.0
613,-2,30600,TOMATOES,4991,10,4990,21,,,5005,10,5006,21,,,4998.0,0.0
614,-2,30700,TOMATOES,4992,9,4990,21,,,5005,9,5006,21,,,4998.5,0.0
615,-2,30700,EMERALDS,9992,11,9990,24,,,10008,11,10010,24,,,10000.0,0.0
616,-2,30800,EMERALDS,9992,14,9990,29,,,10008,14,10010,29,,,10000.0,0.0
617,-2,30800,TOMATOES,4991,7,4990,23,,,5004,7,5006,23,,,4997.5,0.0
618,-2,30900,TOMATOES,4992,6,4990,16,,,4997,11,5005,6,5006,16,4994.5,0.0
619,-2,30900,EMERALDS,9992,14,9990,29,,,10008,14,10010,29,,,10000.0,0.0
620,-2,31000,EMERALDS,9992,15,9990,28,,,10008,15,10010,28,,,10000.0,0.0
621,-2,31000,TOMATOES,4992,5,4991,22,,,5005,5,5007,22,,,4998.5,0.0
622,-2,31100,TOMATOES,4992,8,4991,16,,,5005,8,5007,16,,,4998.5,0.0
623,-2,31100,EMERALDS,9992,15,9990,25,,,10008,15,10010,25,,,10000.0,0.0
624,-2,31200,EMERALDS,9992,11,9990,24,,,10008,11,10010,24,,,10000.0,0.0
625,-2,31200,TOMATOES,4992,10,4991,23,,,5005,10,5007,23,,,4998.5,0.0
626,-2,31300,TOMATOES,4991,6,4989,19,,,5004,6,5005,19,,,4997.5,0.0
627,-2,31300,EMERALDS,9992,13,9990,22,,,10008,13,10010,22,,,10000.0,0.0
628,-2,31400,EMERALDS,10000,9,9992,10,9990,24,10008,10,10010,24,,,10004.0,0.0
629,-2,31400,TOMATOES,4990,10,4989,21,,,5004,10,5005,21,,,4997.0,0.0
630,-2,31500,TOMATOES,4990,7,4989,21,,,5004,7,5005,21,,,4997.0,0.0
631,-2,31500,EMERALDS,9992,13,9990,30,,,10008,13,10010,30,,,10000.0,0.0
632,-2,31600,EMERALDS,9992,14,9990,22,,,10008,14,10010,22,,,10000.0,0.0
633,-2,31600,TOMATOES,4990,8,4989,23,,,5004,8,5005,23,,,4997.0,0.0
634,-2,31700,TOMATOES,4991,10,4989,23,,,5004,10,5005,23,,,4997.5,0.0
635,-2,31700,EMERALDS,9992,14,9990,25,,,10008,14,10010,25,,,10000.0,0.0
636,-2,31800,EMERALDS,9992,12,9990,23,,,10008,12,10010,23,,,10000.0,0.0
637,-2,31800,TOMATOES,4992,9,4990,15,,,5005,9,5006,15,,,4998.5,0.0
638,-2,31900,TOMATOES,4992,5,4991,20,,,5006,5,5007,20,,,4999.0,0.0
639,-2,31900,EMERALDS,9992,14,9990,29,,,10008,14,10010,29,,,10000.0,0.0
640,-2,32000,EMERALDS,9992,10,9990,22,,,10008,10,10010,22,,,10000.0,0.0
641,-2,32000,TOMATOES,4992,7,4990,17,,,5005,7,5006,17,,,4998.5,0.0
642,-2,32100,TOMATOES,4992,5,4991,24,,,5006,5,5007,24,,,4999.0,0.0
643,-2,32100,EMERALDS,9992,11,9990,22,,,10008,11,10010,22,,,10000.0,0.0
644,-2,32200,EMERALDS,9992,10,9990,30,,,10008,10,10010,30,,,10000.0,0.0
645,-2,32200,TOMATOES,4992,6,4990,20,,,5005,6,5006,20,,,4998.5,0.0
646,-2,32300,TOMATOES,4991,9,4990,19,,,5004,9,5006,19,,,4997.5,0.0
647,-2,32300,EMERALDS,9992,14,9990,20,,,10008,14,10010,20,,,10000.0,0.0
648,-2,32400,EMERALDS,9992,10,9990,30,,,10008,10,10010,30,,,10000.0,0.0
649,-2,32400,TOMATOES,4992,9,4990,22,,,5005,9,5006,22,,,4998.5,0.0
650,-2,32500,TOMATOES,4992,5,4991,20,,,5006,5,5007,20,,,4999.0,0.0
651,-2,32500,EMERALDS,9992,13,9990,20,,,10008,13,10010,20,,,10000.0,0.0
652,-2,32600,EMERALDS,9992,15,9990,21,,,10008,15,10010,21,,,10000.0,0.0
653,-2,32600,TOMATOES,4992,10,4990,17,,,5005,10,5006,17,,,4998.5,0.0
654,-2,32700,TOMATOES,4990,5,4989,24,,,5004,5,5005,24,,,4997.0,0.0
655,-2,32700,EMERALDS,9992,10,9990,29,,,10008,10,10010,29,,,10000.0,0.0
656,-2,32800,EMERALDS,9992,14,9990,24,,,10008,14,10010,24,,,10000.0,0.0
657,-2,32800,TOMATOES,4990,10,4989,24,,,4997,5,5003,10,5005,24,4993.5,0.0
658,-2,32900,TOMATOES,4991,8,4989,16,,,5004,8,5005,16,,,4997.5,0.0
659,-2,32900,EMERALDS,9992,15,9990,30,,,10008,15,10010,30,,,10000.0,0.0
660,-2,33000,TOMATOES,4992,7,4991,25,,,5005,7,5007,25,,,4998.5,0.0
661,-2,33000,EMERALDS,9992,13,9990,26,,,10008,13,10010,26,,,10000.0,0.0
662,-2,33100,EMERALDS,9992,15,9990,27,,,10008,15,10010,27,,,10000.0,0.0
663,-2,33100,TOMATOES,4992,6,4991,18,,,5006,6,5007,18,,,4999.0,0.0
664,-2,33200,EMERALDS,9992,13,9990,20,,,10008,13,10010,20,,,10000.0,0.0
665,-2,33200,TOMATOES,4991,7,4990,23,,,5005,7,5006,23,,,4998.0,0.0
666,-2,33300,TOMATOES,4991,6,4990,21,,,5005,6,5006,21,,,4998.0,0.0
667,-2,33300,EMERALDS,9992,10,9990,24,,,10008,10,10010,24,,,10000.0,0.0
668,-2,33400,TOMATOES,4992,9,4991,20,,,5005,9,5007,20,,,4998.5,0.0
669,-2,33400,EMERALDS,9992,13,9990,28,,,10008,13,10010,28,,,10000.0,0.0
670,-2,33500,EMERALDS,9992,15,9990,26,,,10008,15,10010,26,,,10000.0,0.0
671,-2,33500,TOMATOES,4992,9,4991,19,,,5005,9,5007,19,,,4998.5,0.0
672,-2,33600,EMERALDS,9992,11,9990,26,,,10008,11,10010,26,,,10000.0,0.0
673,-2,33600,TOMATOES,4992,10,4990,22,,,5005,10,5006,22,,,4998.5,0.0
674,-2,33700,TOMATOES,4992,7,4990,16,,,5005,7,5006,16,,,4998.5,0.0
675,-2,33700,EMERALDS,9992,13,9990,24,,,10008,13,10010,24,,,10000.0,0.0
676,-2,33800,TOMATOES,4991,6,4990,17,,,5005,6,5006,17,,,4998.0,0.0
677,-2,33800,EMERALDS,9992,12,9990,20,,,10008,12,10010,20,,,10000.0,0.0
678,-2,33900,EMERALDS,9992,15,9990,21,,,10008,15,10010,21,,,10000.0,0.0
679,-2,33900,TOMATOES,4992,6,4990,17,,,5005,6,5006,17,,,4998.5,0.0
680,-2,34000,EMERALDS,9992,15,9990,26,,,10008,15,10010,26,,,10000.0,0.0
681,-2,34000,TOMATOES,4991,8,4990,21,,,5005,8,5006,21,,,4998.0,0.0
682,-2,34100,TOMATOES,4991,6,4990,19,,,5005,6,5006,19,,,4998.0,0.0
683,-2,34100,EMERALDS,9992,10,9990,23,,,10008,10,10010,23,,,10000.0,0.0
684,-2,34200,TOMATOES,4991,9,4990,16,,,5005,9,5006,16,,,4998.0,0.0
685,-2,34200,EMERALDS,9992,10,9990,21,,,10008,10,10010,21,,,10000.0,0.0
686,-2,34300,EMERALDS,9992,11,9990,27,,,10008,11,10010,27,,,10000.0,0.0
687,-2,34300,TOMATOES,4991,10,4989,18,,,5004,10,5005,18,,,4997.5,0.0
688,-2,34400,EMERALDS,9992,15,9990,29,,,10008,15,10010,29,,,10000.0,0.0
689,-2,34400,TOMATOES,4992,8,4991,20,,,5005,8,5007,20,,,4998.5,0.0
690,-2,34500,TOMATOES,4992,6,4990,21,,,5005,6,5006,21,,,4998.5,0.0
691,-2,34500,EMERALDS,9992,14,9990,23,,,10008,14,10010,23,,,10000.0,0.0
692,-2,34600,TOMATOES,4992,5,4990,15,,,5005,5,5006,15,,,4998.5,0.0
693,-2,34600,EMERALDS,9992,10,9990,28,,,10008,10,10010,28,,,10000.0,0.0
694,-2,34700,EMERALDS,9992,15,9990,29,,,10008,15,10010,29,,,10000.0,0.0
695,-2,34700,TOMATOES,4992,9,4991,16,,,5006,9,5007,16,,,4999.0,0.0
696,-2,34800,EMERALDS,9992,13,9990,23,,,10008,13,10010,23,,,10000.0,0.0
697,-2,34800,TOMATOES,4993,8,4991,15,,,5006,8,5007,15,,,4999.5,0.0
698,-2,34900,TOMATOES,4993,10,4992,19,,,5006,10,5008,19,,,4999.5,0.0
699,-2,34900,EMERALDS,9992,10,9990,26,,,10008,10,10010,26,,,10000.0,0.0
700,-2,35000,TOMATOES,4993,6,4991,18,,,5006,6,5007,18,,,4999.5,0.0
701,-2,35000,EMERALDS,9992,12,9990,21,,,10000,6,10008,12,10010,21,9996.0,0.0
702,-2,35100,EMERALDS,10000,10,9992,10,9990,22,10008,10,10010,22,,,10004.0,0.0
703,-2,35100,TOMATOES,4993,8,4992,17,,,5006,8,5008,17,,,4999.5,0.0
704,-2,35200,EMERALDS,9992,13,9990,26,,,10008,13,10010,26,,,10000.0,0.0
705,-2,35200,TOMATOES,4993,6,4992,20,,,5006,6,5008,20,,,4999.5,0.0
706,-2,35300,TOMATOES,4992,10,4991,25,,,5006,10,5007,25,,,4999.0,0.0
707,-2,35300,EMERALDS,9992,15,9990,21,,,10008,15,10010,21,,,10000.0,0.0
708,-2,35400,TOMATOES,4992,5,4991,16,,,5006,5,5007,16,,,4999.0,0.0
709,-2,35400,EMERALDS,9992,10,9990,22,,,10008,10,10010,22,,,10000.0,0.0
710,-2,35500,EMERALDS,9992,10,9990,22,,,10008,10,10010,22,,,10000.0,0.0
711,-2,35500,TOMATOES,4992,9,4991,23,,,4998,6,5006,9,5007,23,4995.0,0.0
712,-2,35600,EMERALDS,9992,10,9990,27,,,10008,10,10010,27,,,10000.0,0.0
713,-2,35600,TOMATOES,4992,10,4991,16,,,5006,10,5007,16,,,4999.0,0.0
714,-2,35700,TOMATOES,4993,7,4991,22,,,5006,7,5007,22,,,4999.5,0.0
715,-2,35700,EMERALDS,9992,15,9990,24,,,10008,15,10010,24,,,10000.0,0.0
716,-2,35800,TOMATOES,4993,8,4992,17,,,5006,8,5008,17,,,4999.5,0.0
717,-2,35800,EMERALDS,9992,10,9990,26,,,10008,10,10010,26,,,10000.0,0.0
718,-2,35900,EMERALDS,9992,11,9990,22,,,10008,11,10010,22,,,10000.0,0.0
719,-2,35900,TOMATOES,4992,9,4991,22,,,5006,9,5007,22,,,4999.0,0.0
720,-2,36000,EMERALDS,9992,12,9990,28,,,10008,12,10010,28,,,10000.0,0.0
721,-2,36000,TOMATOES,4992,9,4991,19,,,5006,9,5007,19,,,4999.0,0.0
722,-2,36100,TOMATOES,4992,8,4991,22,,,5006,8,5007,22,,,4999.0,0.0
723,-2,36100,EMERALDS,9992,15,9990,29,,,10008,15,10010,29,,,10000.0,0.0
724,-2,36200,TOMATOES,4992,9,4991,18,,,5005,9,5007,18,,,4998.5,0.0
725,-2,36200,EMERALDS,9992,15,9990,28,,,10008,15,10010,28,,,10000.0,0.0
726,-2,36300,EMERALDS,9992,10,9990,25,,,10008,10,10010,25,,,10000.0,0.0
727,-2,36300,TOMATOES,4992,7,4990,22,,,5005,7,5006,22,,,4998.5,0.0
728,-2,36400,EMERALDS,9992,12,9990,30,,,10008,12,10010,30,,,10000.0,0.0
729,-2,36400,TOMATOES,4992,6,4991,20,,,5006,6,5007,20,,,4999.0,0.0
730,-2,36500,TOMATOES,4992,7,4991,20,,,5006,7,5007,20,,,4999.0,0.0
731,-2,36500,EMERALDS,9992,12,9990,24,,,10008,12,10010,24,,,10000.0,0.0
732,-2,36600,TOMATOES,4991,7,4990,15,,,5004,7,5006,15,,,4997.5,0.0
733,-2,36600,EMERALDS,9992,15,9990,29,,,10008,15,10010,29,,,10000.0,0.0
734,-2,36700,EMERALDS,9992,14,9990,30,,,10008,14,10010,30,,,10000.0,0.0
735,-2,36700,TOMATOES,4991,10,4989,25,,,5004,10,5005,25,,,4997.5,0.0
736,-2,36800,EMERALDS,9992,14,9990,22,,,10008,14,10010,22,,,10000.0,0.0
737,-2,36800,TOMATOES,4997,3,4992,5,4991,16,5005,5,5007,16,,,5001.0,0.0
738,-2,36900,TOMATOES,4992,6,4991,16,,,5005,6,5007,16,,,4998.5,0.0
739,-2,36900,EMERALDS,9992,15,9990,22,,,10008,15,10010,22,,,10000.0,0.0
740,-2,37000,TOMATOES,4992,10,4991,20,,,5005,10,5007,20,,,4998.5,0.0
741,-2,37000,EMERALDS,9992,12,9990,26,,,10008,12,10010,26,,,10000.0,0.0
742,-2,37100,EMERALDS,9992,14,9990,20,,,10008,14,10010,20,,,10000.0,0.0
743,-2,37100,TOMATOES,4993,9,4991,23,,,5006,9,5007,23,,,4999.5,0.0
744,-2,37200,EMERALDS,9992,15,9990,27,,,10008,15,10010,27,,,10000.0,0.0
745,-2,37200,TOMATOES,4993,7,4992,16,,,5006,7,5008,16,,,4999.5,0.0
746,-2,37300,TOMATOES,4992,10,4991,17,,,5006,10,5007,17,,,4999.0,0.0
747,-2,37300,EMERALDS,9992,12,9990,21,,,10008,12,10010,21,,,10000.0,0.0
748,-2,37400,TOMATOES,4992,7,4991,19,,,5005,7,5007,19,,,4998.5,0.0
749,-2,37400,EMERALDS,9992,15,9990,30,,,10008,15,10010,30,,,10000.0,0.0
750,-2,37500,EMERALDS,9992,10,9990,22,,,10008,10,10010,22,,,10000.0,0.0
751,-2,37500,TOMATOES,4991,6,4990,23,,,5005,6,5006,23,,,4998.0,0.0
752,-2,37600,EMERALDS,9992,13,9990,22,,,10008,13,10010,22,,,10000.0,0.0
753,-2,37600,TOMATOES,4992,9,4990,22,,,5005,9,5006,22,,,4998.5,0.0
754,-2,37700,TOMATOES,4991,8,4990,16,,,5005,8,5006,16,,,4998.0,0.0
755,-2,37700,EMERALDS,9992,10,9990,20,,,10008,10,10010,20,,,10000.0,0.0
756,-2,37800,TOMATOES,4992,9,4990,18,,,5005,9,5006,18,,,4998.5,0.0
757,-2,37800,EMERALDS,9992,13,9990,20,,,10008,13,10010,20,,,10000.0,0.0
758,-2,37900,EMERALDS,9992,14,9990,24,,,10008,14,10010,24,,,10000.0,0.0
759,-2,37900,TOMATOES,4991,5,4990,24,,,5005,5,5006,24,,,4998.0,0.0
760,-2,38000,EMERALDS,9992,14,9990,25,,,10008,14,10010,25,,,10000.0,0.0
761,-2,38000,TOMATOES,4992,10,4990,21,,,5005,10,5006,21,,,4998.5,0.0
762,-2,38100,TOMATOES,4992,6,4990,22,,,5005,6,5006,22,,,4998.5,0.0
763,-2,38100,EMERALDS,9992,15,9990,26,,,10008,15,10010,26,,,10000.0,0.0
764,-2,38200,TOMATOES,4991,8,4989,17,,,5004,8,5005,17,,,4997.5,0.0
765,-2,38200,EMERALDS,9992,12,9990,20,,,10008,12,10010,20,,,10000.0,0.0
766,-2,38300,EMERALDS,9992,13,9990,20,,,10008,13,10010,20,,,10000.0,0.0
767,-2,38300,TOMATOES,4991,6,4989,16,,,5004,6,5005,16,,,4997.5,0.0
768,-2,38400,EMERALDS,9992,13,9990,24,,,10008,13,10010,24,,,10000.0,0.0
769,-2,38400,TOMATOES,4991,5,4990,22,,,5005,5,5006,22,,,4998.0,0.0
770,-2,38500,TOMATOES,4991,6,4990,25,,,5005,6,5006,25,,,4998.0,0.0
771,-2,38500,EMERALDS,9992,15,9990,21,,,10008,15,10010,21,,,10000.0,0.0
772,-2,38600,TOMATOES,4991,10,4990,23,,,5004,10,5006,23,,,4997.5,0.0
773,-2,38600,EMERALDS,9992,14,9990,27,,,10008,14,10010,27,,,10000.0,0.0
774,-2,38700,EMERALDS,9992,11,9990,30,,,10008,11,10010,30,,,10000.0,0.0
775,-2,38700,TOMATOES,4996,4,4991,5,4990,21,5005,5,5006,21,,,5000.5,0.0
776,-2,38800,EMERALDS,9992,15,9990,22,,,10008,15,10010,22,,,10000.0,0.0
777,-2,38800,TOMATOES,4996,6,4991,10,4990,19,5005,10,5006,19,,,5000.5,0.0
778,-2,38900,TOMATOES,4990,9,4989,16,,,5004,9,5005,16,,,4997.0,0.0
779,-2,38900,EMERALDS,9992,14,9990,21,,,10008,14,10010,21,,,10000.0,0.0
780,-2,39000,TOMATOES,4991,6,4990,24,,,5005,6,5006,24,,,4998.0,0.0
781,-2,39000,EMERALDS,9992,12,9990,28,,,10008,12,10010,28,,,10000.0,0.0
782,-2,39100,EMERALDS,9992,13,9990,25,,,10008,13,10010,25,,,10000.0,0.0
783,-2,39100,TOMATOES,4990,9,4989,20,,,5003,9,5005,20,,,4996.5,0.0
784,-2,39200,EMERALDS,9992,10,9990,20,,,10008,10,10010,20,,,10000.0,0.0
785,-2,39200,TOMATOES,4989,6,4988,25,,,5002,6,5004,25,,,4995.5,0.0
786,-2,39300,TOMATOES,4989,7,4988,17,,,5002,7,5004,17,,,4995.5,0.0
787,-2,39300,EMERALDS,9992,15,9990,28,,,10008,15,10010,28,,,10000.0,0.0
788,-2,39400,EMERALDS,9992,11,9990,24,,,10008,11,10010,24,,,10000.0,0.0
789,-2,39400,TOMATOES,4989,6,4987,25,,,5002,6,5003,25,,,4995.5,0.0
790,-2,39500,TOMATOES,4988,7,4987,18,,,5002,7,5003,18,,,4995.0,0.0
791,-2,39500,EMERALDS,9992,13,9990,29,,,10008,13,10010,29,,,10000.0,0.0
792,-2,39600,EMERALDS,9992,15,9990,26,,,10008,15,10010,26,,,10000.0,0.0
793,-2,39600,TOMATOES,4989,7,4988,22,,,5002,7,5004,22,,,4995.5,0.0
794,-2,39700,TOMATOES,4990,6,4988,18,,,5003,6,5004,18,,,4996.5,0.0
795,-2,39700,EMERALDS,9992,11,9990,21,,,10008,11,10010,21,,,10000.0,0.0
796,-2,39800,EMERALDS,9992,14,9990,24,,,10008,14,10010,24,,,10000.0,0.0
797,-2,39800,TOMATOES,4990,9,4988,21,,,5003,9,5004,21,,,4996.5,0.0
798,-2,39900,TOMATOES,4989,7,4988,22,,,5002,7,5004,22,,,4995.5,0.0
799,-2,39900,EMERALDS,9992,12,9990,23,,,10008,12,10010,23,,,10000.0,0.0
800,-2,40000,EMERALDS,9992,12,9990,27,,,10008,12,10010,27,,,10000.0,0.0
801,-2,40000,TOMATOES,4988,9,4987,19,,,5002,9,5003,19,,,4995.0,0.0
802,-2,40100,TOMATOES,4988,8,4987,24,,,5002,8,5003,24,,,4995.0,0.0
803,-2,40100,EMERALDS,9992,11,9990,26,,,10008,11,10010,26,,,10000.0,0.0
804,-2,40200,EMERALDS,9992,12,9990,27,,,10008,12,10010,27,,,10000.0,0.0
805,-2,40200,TOMATOES,4988,6,4987,25,,,5001,6,5003,25,,,4994.5,0.0
806,-2,40300,TOMATOES,4988,5,4987,20,,,5002,5,5003,20,,,4995.0,0.0
807,-2,40300,EMERALDS,9992,11,9990,28,,,10008,11,10010,28,,,10000.0,0.0
808,-2,40400,EMERALDS,9992,10,9990,30,,,10008,10,10010,30,,,10000.0,0.0
809,-2,40400,TOMATOES,4988,7,4987,25,,,5002,7,5003,25,,,4995.0,0.0
810,-2,40500,TOMATOES,4988,5,4987,18,,,5002,5,5003,18,,,4995.0,0.0
811,-2,40500,EMERALDS,9992,14,9990,29,,,10008,14,10010,29,,,10000.0,0.0
812,-2,40600,EMERALDS,9992,15,9990,29,,,10008,15,10010,29,,,10000.0,0.0
813,-2,40600,TOMATOES,4987,7,4986,21,,,5001,7,5002,21,,,4994.0,0.0
814,-2,40700,TOMATOES,4987,9,4986,22,,,5001,9,5002,22,,,4994.0,0.0
815,-2,40700,EMERALDS,9992,13,9990,24,,,10008,13,10010,24,,,10000.0,0.0
816,-2,40800,EMERALDS,9992,10,9990,24,,,10008,10,10010,24,,,10000.0,0.0
817,-2,40800,TOMATOES,4986,8,4985,24,,,4999,8,5001,24,,,4992.5,0.0
818,-2,40900,TOMATOES,4986,10,4985,20,,,5000,10,5001,20,,,4993.0,0.0
819,-2,40900,EMERALDS,9992,14,9990,23,,,10008,14,10010,23,,,10000.0,0.0
820,-2,41000,EMERALDS,9992,13,9990,24,,,10008,13,10010,24,,,10000.0,0.0
821,-2,41000,TOMATOES,4987,7,4985,20,,,5000,7,5001,20,,,4993.5,0.0
822,-2,41100,TOMATOES,4987,7,4986,23,,,5001,7,5002,23,,,4994.0,0.0
823,-2,41100,EMERALDS,9992,14,9990,26,,,10008,14,10010,26,,,10000.0,0.0
824,-2,41200,EMERALDS,9992,12,9990,25,,,10008,12,10010,25,,,10000.0,0.0
825,-2,41200,TOMATOES,4992,2,4987,6,4986,24,5001,6,5002,24,,,4996.5,0.0
826,-2,41300,TOMATOES,4988,7,4986,17,,,5001,7,5002,17,,,4994.5,0.0
827,-2,41300,EMERALDS,9992,10,9990,28,,,10008,10,10010,28,,,10000.0,0.0
828,-2,41400,EMERALDS,9992,13,9990,30,,,10008,13,10010,30,,,10000.0,0.0
829,-2,41400,TOMATOES,4988,5,4987,17,,,5001,5,5003,17,,,4994.5,0.0
830,-2,41500,TOMATOES,4988,6,4987,16,,,4996,6,5002,6,5003,16,4992.0,0.0
831,-2,41500,EMERALDS,9992,13,9990,21,,,10008,13,10010,21,,,10000.0,0.0
832,-2,41600,EMERALDS,9992,12,9990,23,,,10008,12,10010,23,,,10000.0,0.0
833,-2,41600,TOMATOES,4988,7,4987,21,,,5001,7,5003,21,,,4994.5,0.0
834,-2,41700,EMERALDS,9992,12,9990,28,,,10008,12,10010,28,,,10000.0,0.0
835,-2,41700,TOMATOES,4989,9,4988,17,,,5002,9,5004,17,,,4995.5,0.0
836,-2,41800,EMERALDS,9992,11,9990,29,,,10008,11,10010,29,,,10000.0,0.0
837,-2,41800,TOMATOES,4990,10,4989,16,,,5004,10,5005,16,,,4997.0,0.0
838,-2,41900,TOMATOES,4991,7,4990,25,,,4998,3,5004,7,5006,25,4994.5,0.0
839,-2,41900,EMERALDS,9992,14,9990,30,,,10008,14,10010,30,,,10000.0,0.0
840,-2,42000,TOMATOES,4990,10,4989,25,,,5004,10,5005,25,,,4997.0,0.0
841,-2,42000,EMERALDS,9992,11,9990,20,,,10008,11,10010,20,,,10000.0,0.0
842,-2,42100,EMERALDS,9992,10,9990,20,,,10008,10,10010,20,,,10000.0,0.0
843,-2,42100,TOMATOES,4991,9,4990,16,,,5004,9,5006,16,,,4997.5,0.0
844,-2,42200,EMERALDS,9992,15,9990,20,,,10008,15,10010,20,,,10000.0,0.0
845,-2,42200,TOMATOES,4992,8,4990,22,,,5005,8,5006,22,,,4998.5,0.0
846,-2,42300,TOMATOES,4991,10,4990,17,,,5004,10,5006,17,,,4997.5,0.0
847,-2,42300,EMERALDS,9992,13,9990,24,,,10008,13,10010,24,,,10000.0,0.0
848,-2,42400,TOMATOES,4991,10,4990,22,,,5004,10,5006,22,,,4997.5,0.0
849,-2,42400,EMERALDS,9992,14,9990,25,,,10000,10,10008,14,10010,25,9996.0,0.0
850,-2,42500,EMERALDS,9992,14,9990,22,,,10008,14,10010,22,,,10000.0,0.0
851,-2,42500,TOMATOES,4991,8,4989,19,,,5004,8,5005,19,,,4997.5,0.0
852,-2,42600,EMERALDS,9992,13,9990,24,,,10008,13,10010,24,,,10000.0,0.0
853,-2,42600,TOMATOES,4991,10,4989,19,,,5004,10,5005,19,,,4997.5,0.0
854,-2,42700,TOMATOES,4990,10,4989,19,,,5004,10,5005,19,,,4997.0,0.0
855,-2,42700,EMERALDS,9992,10,9990,23,,,10008,10,10010,23,,,10000.0,0.0
856,-2,42800,TOMATOES,4990,10,4989,22,,,5004,10,5005,22,,,4997.0,0.0
857,-2,42800,EMERALDS,9992,11,9990,25,,,10000,6,10008,11,10010,25,9996.0,0.0
858,-2,42900,EMERALDS,9992,15,9990,26,,,10008,15,10010,26,,,10000.0,0.0
859,-2,42900,TOMATOES,4990,7,4989,25,,,5004,7,5005,25,,,4997.0,0.0
860,-2,43000,EMERALDS,9992,10,9990,21,,,10008,10,10010,21,,,10000.0,0.0
861,-2,43000,TOMATOES,4990,9,4989,16,,,5004,9,5005,16,,,4997.0,0.0
862,-2,43100,TOMATOES,4991,9,4990,20,,,5004,9,5005,20,,,4997.5,0.0
863,-2,43100,EMERALDS,9992,10,9990,21,,,10008,10,10010,21,,,10000.0,0.0
864,-2,43200,TOMATOES,4991,6,4990,20,,,5004,6,5006,20,,,4997.5,0.0
865,-2,43200,EMERALDS,9992,11,9990,28,,,10008,11,10010,28,,,10000.0,0.0
866,-2,43300,EMERALDS,9992,13,9990,23,,,10008,13,10010,23,,,10000.0,0.0
867,-2,43300,TOMATOES,4990,9,4989,23,,,5004,9,5005,23,,,4997.0,0.0
868,-2,43400,EMERALDS,9992,14,9990,28,,,10008,14,10010,28,,,10000.0,0.0
869,-2,43400,TOMATOES,4991,9,4990,22,,,5005,9,5006,22,,,4998.0,0.0
870,-2,43500,TOMATOES,4991,10,4990,17,,,5004,10,5006,17,,,4997.5,0.0
871,-2,43500,EMERALDS,9992,11,9990,22,,,10008,11,10010,22,,,10000.0,0.0
872,-2,43600,TOMATOES,4991,6,4990,21,,,5004,6,5006,21,,,4997.5,0.0
873,-2,43600,EMERALDS,9992,11,9990,20,,,10008,11,10010,20,,,10000.0,0.0
874,-2,43700,EMERALDS,9992,11,9990,29,,,10008,11,10010,29,,,10000.0,0.0
875,-2,43700,TOMATOES,4991,6,4989,25,,,5004,6,5005,25,,,4997.5,0.0
876,-2,43800,EMERALDS,9992,10,9990,27,,,10008,10,10010,27,,,10000.0,0.0
877,-2,43800,TOMATOES,4991,9,4990,18,,,5005,9,5006,18,,,4998.0,0.0
878,-2,43900,TOMATOES,4992,7,4991,15,,,5005,7,5007,15,,,4998.5,0.0
879,-2,43900,EMERALDS,9992,12,9990,22,,,10008,12,10010,22,,,10000.0,0.0
880,-2,44000,TOMATOES,4993,9,4991,21,,,5006,9,5007,21,,,4999.5,0.0
881,-2,44000,EMERALDS,9992,10,9990,29,,,10008,10,10010,29,,,10000.0,0.0
882,-2,44100,EMERALDS,9992,13,9990,30,,,10008,13,10010,30,,,10000.0,0.0
883,-2,44100,TOMATOES,4993,6,4992,18,,,5007,6,5008,18,,,5000.0,0.0
884,-2,44200,EMERALDS,9992,12,9990,26,,,10008,12,10010,26,,,10000.0,0.0
885,-2,44200,TOMATOES,4993,9,4992,22,,,5006,9,5008,22,,,4999.5,0.0
886,-2,44300,TOMATOES,4993,8,4991,16,,,5006,8,5007,16,,,4999.5,0.0
887,-2,44300,EMERALDS,9992,14,9990,27,,,10008,14,10010,27,,,10000.0,0.0
888,-2,44400,TOMATOES,4993,9,4992,25,,,5007,9,5008,25,,,5000.0,0.0
889,-2,44400,EMERALDS,9992,13,9990,21,,,10008,13,10010,21,,,10000.0,0.0
890,-2,44500,EMERALDS,9992,11,9990,27,,,10008,11,10010,27,,,10000.0,0.0
891,-2,44500,TOMATOES,4993,8,4992,21,,,5007,8,5008,21,,,5000.0,0.0
892,-2,44600,EMERALDS,9992,14,9990,26,,,10008,14,10010,26,,,10000.0,0.0
893,-2,44600,TOMATOES,4993,7,4992,20,,,5007,7,5008,20,,,5000.0,0.0
894,-2,44700,TOMATOES,4993,7,4991,21,,,5006,7,5007,21,,,4999.5,0.0
895,-2,44700,EMERALDS,9992,12,9990,27,,,10008,12,10010,27,,,10000.0,0.0
896,-2,44800,TOMATOES,4993,9,4992,15,,,5006,9,5008,15,,,4999.5,0.0
897,-2,44800,EMERALDS,9992,12,9990,23,,,10008,12,10010,23,,,10000.0,0.0
898,-2,44900,EMERALDS,9992,15,9990,30,,,10008,15,10010,30,,,10000.0,0.0
899,-2,44900,TOMATOES,4993,5,4992,18,,,5007,5,5008,18,,,5000.0,0.0
900,-2,45000,EMERALDS,9992,10,9990,23,,,10008,10,10010,23,,,10000.0,0.0
901,-2,45000,TOMATOES,4993,9,4992,24,,,5006,9,5008,24,,,4999.5,0.0
902,-2,45100,TOMATOES,4993,6,4992,17,,,5007,6,5008,17,,,5000.0,0.0
903,-2,45100,EMERALDS,9992,13,9990,25,,,10008,13,10010,25,,,10000.0,0.0
904,-2,45200,TOMATOES,4993,6,4992,22,,,5007,6,5008,22,,,5000.0,0.0
905,-2,45200,EMERALDS,9992,12,9990,24,,,10008,12,10010,24,,,10000.0,0.0
906,-2,45300,EMERALDS,9992,10,9990,29,,,10008,10,10010,29,,,10000.0,0.0
907,-2,45300,TOMATOES,4994,6,4992,21,,,5007,6,5008,21,,,5000.5,0.0
908,-2,45400,EMERALDS,9992,11,9990,24,,,10008,11,10010,24,,,10000.0,0.0
909,-2,45400,TOMATOES,4994,10,4993,24,,,5007,10,5009,24,,,5000.5,0.0
910,-2,45500,TOMATOES,4994,8,4992,21,,,5007,8,5008,21,,,5000.5,0.0
911,-2,45500,EMERALDS,9992,10,9990,28,,,10008,10,10010,28,,,10000.0,0.0
912,-2,45600,TOMATOES,4994,6,4993,24,,,5008,6,5009,24,,,5001.0,0.0
913,-2,45600,EMERALDS,9992,12,9990,27,,,10008,12,10010,27,,,10000.0,0.0
914,-2,45700,EMERALDS,9992,12,9990,21,,,10008,12,10010,21,,,10000.0,0.0
915,-2,45700,TOMATOES,4994,7,4993,21,,,5008,7,5009,21,,,5001.0,0.0
916,-2,45800,EMERALDS,9992,13,9990,20,,,10008,13,10010,20,,,10000.0,0.0
917,-2,45800,TOMATOES,4995,9,4993,15,,,5008,9,5009,15,,,5001.5,0.0
918,-2,45900,TOMATOES,4994,9,4993,16,,,5008,9,5009,16,,,5001.0,0.0
919,-2,45900,EMERALDS,9992,11,9990,26,,,10008,11,10010,26,,,10000.0,0.0
920,-2,46000,TOMATOES,4995,8,4993,15,,,5008,8,5009,15,,,5001.5,0.0
921,-2,46000,EMERALDS,10000,10,9992,15,9990,26,10008,15,10010,26,,,10004.0,0.0
922,-2,46100,EMERALDS,9992,10,9990,23,,,10008,10,10010,23,,,10000.0,0.0
923,-2,46100,TOMATOES,4995,5,4994,23,,,5008,5,5010,23,,,5001.5,0.0
924,-2,46200,EMERALDS,9992,11,9990,20,,,10008,11,10010,20,,,10000.0,0.0
925,-2,46200,TOMATOES,4999,3,4994,5,4993,22,5008,5,5009,22,,,5003.5,0.0
926,-2,46300,TOMATOES,4994,10,4993,21,,,5008,10,5009,21,,,5001.0,0.0
927,-2,46300,EMERALDS,9992,10,9990,23,,,10008,10,10010,23,,,10000.0,0.0
928,-2,46400,TOMATOES,4994,5,4993,19,,,5008,5,5009,19,,,5001.0,0.0
929,-2,46400,EMERALDS,9992,11,9990,26,,,10008,11,10010,26,,,10000.0,0.0
930,-2,46500,EMERALDS,9992,12,9990,24,,,10008,12,10010,24,,,10000.0,0.0
931,-2,46500,TOMATOES,4995,6,4994,21,,,5009,6,5010,21,,,5002.0,0.0
932,-2,46600,EMERALDS,9992,10,9990,21,,,10008,10,10010,21,,,10000.0,0.0
933,-2,46600,TOMATOES,4995,9,4994,21,,,5009,9,5010,21,,,5002.0,0.0
934,-2,46700,TOMATOES,4995,10,4994,19,,,5009,10,5010,19,,,5002.0,0.0
935,-2,46700,EMERALDS,9992,13,9990,27,,,10008,13,10010,27,,,10000.0,0.0
936,-2,46800,TOMATOES,4995,5,4994,25,,,5002,5,5008,5,5010,25,4998.5,0.0
937,-2,46800,EMERALDS,9992,10,9990,30,,,10008,10,10010,30,,,10000.0,0.0
938,-2,46900,EMERALDS,9992,10,9990,30,,,10008,10,10010,30,,,10000.0,0.0
939,-2,46900,TOMATOES,4995,6,4994,25,,,5008,6,5010,25,,,5001.5,0.0
940,-2,47000,EMERALDS,9992,11,9990,29,,,10008,11,10010,29,,,10000.0,0.0
941,-2,47000,TOMATOES,4995,6,4994,22,,,5008,6,5010,22,,,5001.5,0.0
942,-2,47100,TOMATOES,4996,8,4995,20,,,5009,8,5011,20,,,5002.5,0.0
943,-2,47100,EMERALDS,9992,15,9990,26,,,10008,15,10010,26,,,10000.0,0.0
944,-2,47200,TOMATOES,5001,5,4996,9,4995,18,5010,9,5011,18,,,5005.5,0.0
945,-2,47200,EMERALDS,9992,15,9990,25,,,10008,15,10010,25,,,10000.0,0.0
946,-2,47300,EMERALDS,9992,14,9990,29,,,10008,14,10010,29,,,10000.0,0.0
947,-2,47300,TOMATOES,4997,5,4996,25,,,5010,5,5012,25,,,5003.5,0.0
948,-2,47400,EMERALDS,9992,11,9990,27,,,10008,11,10010,27,,,10000.0,0.0
949,-2,47400,TOMATOES,4997,10,4996,21,,,5011,10,5012,21,,,5004.0,0.0
950,-2,47500,TOMATOES,4998,6,4996,25,,,5011,6,5012,25,,,5004.5,0.0
951,-2,47500,EMERALDS,9992,10,9990,26,,,10008,10,10010,26,,,10000.0,0.0
952,-2,47600,TOMATOES,4997,8,4996,23,,,5010,8,5012,23,,,5003.5,0.0
953,-2,47600,EMERALDS,9992,10,9990,26,,,10008,10,10010,26,,,10000.0,0.0
954,-2,47700,EMERALDS,9992,14,9990,22,,,10008,14,10010,22,,,10000.0,0.0
955,-2,47700,TOMATOES,4997,8,4996,23,,,5011,8,5012,23,,,5004.0,0.0
956,-2,47800,EMERALDS,9992,15,9990,25,,,10008,15,10010,25,,,10000.0,0.0
957,-2,47800,TOMATOES,4997,5,4996,15,,,5011,5,5012,15,,,5004.0,0.0
958,-2,47900,TOMATOES,4997,8,4996,19,,,5010,8,5012,19,,,5003.5,0.0
959,-2,47900,EMERALDS,9992,14,9990,24,,,10008,14,10010,24,,,10000.0,0.0
960,-2,48000,TOMATOES,4997,6,4995,18,,,5010,6,5011,18,,,5003.5,0.0
961,-2,48000,EMERALDS,9992,13,9990,28,,,10008,13,10010,28,,,10000.0,0.0
962,-2,48100,EMERALDS,9992,15,9990,22,,,10008,15,10010,22,,,10000.0,0.0
963,-2,48100,TOMATOES,4996,10,4995,24,,,5009,10,5011,24,,,5002.5,0.0
964,-2,48200,EMERALDS,9992,15,9990,24,,,10008,15,10010,24,,,10000.0,0.0
965,-2,48200,TOMATOES,4996,7,4994,20,,,5009,7,5010,20,,,5002.5,0.0
966,-2,48300,TOMATOES,4996,9,4995,16,,,5010,9,5011,16,,,5003.0,0.0
967,-2,48300,EMERALDS,9992,14,9990,26,,,10008,14,10010,26,,,10000.0,0.0
968,-2,48400,EMERALDS,9992,10,9990,28,,,10008,10,10010,28,,,10000.0,0.0
969,-2,48400,TOMATOES,4996,7,4995,24,,,5009,7,5011,24,,,5002.5,0.0
970,-2,48500,TOMATOES,4996,6,4995,23,,,5010,6,5011,23,,,5003.0,0.0
971,-2,48500,EMERALDS,9992,12,9990,25,,,10008,12,10010,25,,,10000.0,0.0
972,-2,48600,EMERALDS,9992,10,9990,22,,,10008,10,10010,22,,,10000.0,0.0
973,-2,48600,TOMATOES,4996,6,4995,25,,,5010,6,5011,25,,,5003.0,0.0
974,-2,48700,TOMATOES,4996,10,4995,20,,,5009,10,5011,20,,,5002.5,0.0
975,-2,48700,EMERALDS,9992,11,9990,21,,,10008,11,10010,21,,,10000.0,0.0
976,-2,48800,EMERALDS,9992,12,9990,24,,,10008,12,10010,24,,,10000.0,0.0
977,-2,48800,TOMATOES,4995,7,4994,22,,,5009,7,5010,22,,,5002.0,0.0
978,-2,48900,TOMATOES,4996,10,4995,17,,,5009,10,5011,17,,,5002.5,0.0
979,-2,48900,EMERALDS,9992,14,9990,27,,,10008,14,10010,27,,,10000.0,0.0
980,-2,49000,EMERALDS,9992,13,9990,20,,,10008,13,10010,20,,,10000.0,0.0
981,-2,49000,TOMATOES,4996,7,4995,25,,,5010,7,5011,25,,,5003.0,0.0
982,-2,49100,TOMATOES,4997,10,4995,18,,,5010,10,5011,18,,,5003.5,0.0
983,-2,49100,EMERALDS,9992,11,9990,27,,,10008,11,10010,27,,,10000.0,0.0
984,-2,49200,EMERALDS,9992,10,9990,29,,,10008,10,10010,29,,,10000.0,0.0
985,-2,49200,TOMATOES,4997,8,4995,17,,,5010,8,5011,17,,,5003.5,0.0
986,-2,49300,TOMATOES,4997,5,4996,21,,,5011,5,5012,21,,,5004.0,0.0
987,-2,49300,EMERALDS,9992,15,9990,22,,,10008,15,10010,22,,,10000.0,0.0
988,-2,49400,EMERALDS,10000,8,9992,13,9990,21,10008,13,10010,21,,,10004.0,0.0
989,-2,49400,TOMATOES,4996,8,4995,22,,,5010,8,5011,22,,,5003.0,0.0
990,-2,49500,TOMATOES,4997,9,4996,15,,,5010,9,5012,15,,,5003.5,0.0
991,-2,49500,EMERALDS,9992,12,9990,29,,,10008,12,10010,29,,,10000.0,0.0
992,-2,49600,EMERALDS,9992,14,9990,29,,,10008,14,10010,29,,,10000.0,0.0
993,-2,49600,TOMATOES,4997,10,4996,15,,,5011,10,5012,15,,,5004.0,0.0
994,-2,49700,TOMATOES,4997,9,4996,25,,,5010,9,5012,25,,,5003.5,0.0
995,-2,49700,EMERALDS,9992,11,9990,27,,,10008,11,10010,27,,,10000.0,0.0
996,-2,49800,EMERALDS,9992,15,9990,24,,,10008,15,10010,24,,,10000.0,0.0
997,-2,49800,TOMATOES,4997,5,4996,24,,,5011,5,5012,24,,,5004.0,0.0
998,-2,49900,TOMATOES,4997,9,4996,18,,,5011,9,5012,18,,,5004.0,0.0
999,-2,49900,EMERALDS,9992,13,9990,22,,,10008,13,10010,22,,,10000.0,0.0
1000,-2,50000,EMERALDS,9992,10,9990,27,,,10008,10,10010,27,,,10000.0,0.0
1001,-2,50000,TOMATOES,4998,8,4997,18,,,5011,8,5013,18,,,5004.5,0.0
1002,-2,50100,TOMATOES,4998,7,4997,24,,,5011,7,5013,24,,,5004.5,0.0
1003,-2,50100,EMERALDS,9992,11,9990,30,,,10008,11,10010,30,,,10000.0,0.0
1004,-2,50200,EMERALDS,9992,14,9990,29,,,10008,14,10010,29,,,10000.0,0.0
1005,-2,50200,TOMATOES,4998,5,4997,16,,,5012,5,5013,16,,,5005.0,0.0
1006,-2,50300,TOMATOES,5002,2,4997,10,4996,24,5010,10,5012,24,,,5006.0,0.0
1007,-2,50300,EMERALDS,9992,13,9990,20,,,10008,13,10010,20,,,10000.0,0.0
1008,-2,50400,EMERALDS,9992,13,9990,21,,,10008,13,10010,21,,,10000.0,0.0
1009,-2,50400,TOMATOES,4997,8,4996,19,,,5011,8,5012,19,,,5004.0,0.0
1010,-2,50500,TOMATOES,4997,5,4996,19,,,5011,5,5012,19,,,5004.0,0.0
1011,-2,50500,EMERALDS,9992,12,9990,26,,,10008,12,10010,26,,,10000.0,0.0
1012,-2,50600,TOMATOES,4997,8,4996,25,,,5011,8,5012,25,,,5004.0,0.0
1013,-2,50600,EMERALDS,9992,15,9990,22,,,10008,15,10010,22,,,10000.0,0.0
1014,-2,50700,EMERALDS,9992,10,9990,26,,,10008,10,10010,26,,,10000.0,0.0
1015,-2,50700,TOMATOES,4997,7,4996,21,,,5011,7,5012,21,,,5004.0,0.0
1016,-2,50800,EMERALDS,9992,13,9990,30,,,10008,13,10010,30,,,10000.0,0.0
1017,-2,50800,TOMATOES,4998,7,4996,25,,,5011,7,5012,25,,,5004.5,0.0
1018,-2,50900,TOMATOES,4998,9,4997,20,,,5012,9,5013,20,,,5005.0,0.0
1019,-2,50900,EMERALDS,9992,10,9990,24,,,10008,10,10010,24,,,10000.0,0.0
1020,-2,51000,TOMATOES,4998,7,4997,16,,,5012,7,5013,16,,,5005.0,0.0
1021,-2,51000,EMERALDS,9992,10,9990,25,,,10008,10,10010,25,,,10000.0,0.0
1022,-2,51100,EMERALDS,9992,11,9990,30,,,10008,11,10010,30,,,10000.0,0.0
1023,-2,51100,TOMATOES,4998,8,4997,22,,,5012,8,5013,22,,,5005.0,0.0
1024,-2,51200,EMERALDS,9992,12,9990,27,,,10008,12,10010,27,,,10000.0,0.0
1025,-2,51200,TOMATOES,4998,9,4997,19,,,5012,9,5013,19,,,5005.0,0.0
1026,-2,51300,TOMATOES,4999,7,4997,25,,,5012,7,5013,25,,,5005.5,0.0
1027,-2,51300,EMERALDS,9992,11,9990,26,,,10008,11,10010,26,,,10000.0,0.0
1028,-2,51400,TOMATOES,4998,5,4997,16,,,5012,5,5013,16,,,5005.0,0.0
1029,-2,51400,EMERALDS,9992,15,9990,20,,,10008,15,10010,20,,,10000.0,0.0
1030,-2,51500,EMERALDS,9992,13,9990,29,,,10008,13,10010,29,,,10000.0,0.0
1031,-2,51500,TOMATOES,4998,8,4997,18,,,5012,8,5013,18,,,5005.0,0.0
1032,-2,51600,EMERALDS,9992,15,9990,30,,,10008,15,10010,30,,,10000.0,0.0
1033,-2,51600,TOMATOES,4999,7,4998,17,,,5013,7,5014,17,,,5006.0,0.0
1034,-2,51700,TOMATOES,4998,7,4997,24,,,5012,7,5013,24,,,5005.0,0.0
1035,-2,51700,EMERALDS,9992,14,9990,20,,,10008,14,10010,20,,,10000.0,0.0
1036,-2,51800,TOMATOES,4998,6,4997,21,,,5012,6,5013,21,,,5005.0,0.0
1037,-2,51800,EMERALDS,9992,11,9990,21,,,10000,10,10008,11,10010,21,9996.0,0.0
1038,-2,51900,EMERALDS,9992,13,9990,23,,,10008,13,10010,23,,,10000.0,0.0
1039,-2,51900,TOMATOES,4997,9,4996,22,,,5011,9,5012,22,,,5004.0,0.0
1040,-2,52000,EMERALDS,9992,10,9990,22,,,10008,10,10010,22,,,10000.0,0.0
1041,-2,52000,TOMATOES,4997,10,4996,18,,,5011,10,5012,18,,,5004.0,0.0
1042,-2,52100,TOMATOES,4997,7,4995,17,,,5010,7,5011,17,,,5003.5,0.0
1043,-2,52100,EMERALDS,9992,15,9990,23,,,10008,15,10010,23,,,10000.0,0.0
1044,-2,52200,TOMATOES,4997,10,4995,24,,,5010,10,5011,24,,,5003.5,0.0
1045,-2,52200,EMERALDS,9992,11,9990,24,,,10008,11,10010,24,,,10000.0,0.0
1046,-2,52300,EMERALDS,9992,15,9990,28,,,10008,15,10010,28,,,10000.0,0.0
1047,-2,52300,TOMATOES,5002,4,4996,9,4995,20,5010,9,5011,20,,,5006.0,0.0
1048,-2,52400,EMERALDS,9992,13,9990,20,,,10008,13,10010,20,,,10000.0,0.0
1049,-2,52400,TOMATOES,4996,8,4995,15,,,5010,8,5011,15,,,5003.0,0.0
1050,-2,52500,TOMATOES,4996,5,4995,18,,,5010,5,5011,18,,,5003.0,0.0
1051,-2,52500,EMERALDS,9992,13,9990,30,,,10008,13,10010,30,,,10000.0,0.0
1052,-2,52600,TOMATOES,4996,9,4995,20,,,5009,9,5011,20,,,5002.5,0.0
1053,-2,52600,EMERALDS,9992,13,9990,24,,,10008,13,10010,24,,,10000.0,0.0
1054,-2,52700,EMERALDS,9992,13,9990,20,,,10008,13,10010,20,,,10000.0,0.0
1055,-2,52700,TOMATOES,4996,7,4995,23,,,5010,7,5011,23,,,5003.0,0.0
1056,-2,52800,EMERALDS,9992,10,9990,22,,,10008,10,10010,22,,,10000.0,0.0
1057,-2,52800,TOMATOES,4996,10,4995,16,,,5010,10,5011,16,,,5003.0,0.0
1058,-2,52900,TOMATOES,4996,6,4995,15,,,5010,6,5011,15,,,5003.0,0.0
1059,-2,52900,EMERALDS,9992,13,9990,25,,,10008,13,10010,25,,,10000.0,0.0
1060,-2,53000,TOMATOES,4996,9,4995,24,,,5010,9,5011,24,,,5003.0,0.0
1061,-2,53000,EMERALDS,9992,10,9990,21,,,10008,10,10010,21,,,10000.0,0.0
1062,-2,53100,EMERALDS,9992,13,9990,22,,,10008,13,10010,22,,,10000.0,0.0
1063,-2,53100,TOMATOES,4996,6,4995,23,,,5010,6,5011,23,,,5003.0,0.0
1064,-2,53200,EMERALDS,9992,15,9990,26,,,10008,15,10010,26,,,10000.0,0.0
1065,-2,53200,TOMATOES,4996,10,4994,16,,,5009,10,5010,16,,,5002.5,0.0
1066,-2,53300,TOMATOES,4996,10,4995,21,,,5010,10,5011,21,,,5003.0,0.0
1067,-2,53300,EMERALDS,9992,12,9990,23,,,10008,12,10010,23,,,10000.0,0.0
1068,-2,53400,TOMATOES,4996,6,4995,25,,,5010,6,5011,25,,,5003.0,0.0
1069,-2,53400,EMERALDS,9992,15,9990,27,,,10008,15,10010,27,,,10000.0,0.0
1070,-2,53500,EMERALDS,9992,12,9990,21,,,10008,12,10010,21,,,10000.0,0.0
1071,-2,53500,TOMATOES,4995,8,4994,16,,,5009,8,5010,16,,,5002.0,0.0
1072,-2,53600,EMERALDS,9992,12,9990,25,,,10000,7,10008,12,10010,25,9996.0,0.0
1073,-2,53600,TOMATOES,4996,7,4995,20,,,5009,7,5011,20,,,5002.5,0.0
1074,-2,53700,TOMATOES,4995,8,4993,24,,,5008,8,5009,24,,,5001.5,0.0
1075,-2,53700,EMERALDS,9992,11,9990,21,,,10008,11,10010,21,,,10000.0,0.0
1076,-2,53800,TOMATOES,4994,5,4993,16,,,5001,6,5008,5,5009,16,4997.5,0.0
1077,-2,53800,EMERALDS,9992,10,9990,24,,,10008,10,10010,24,,,10000.0,0.0
1078,-2,53900,EMERALDS,9992,11,9990,30,,,10008,11,10010,30,,,10000.0,0.0
1079,-2,53900,TOMATOES,4994,8,4993,21,,,5008,8,5009,21,,,5001.0,0.0
1080,-2,54000,EMERALDS,9992,13,9990,30,,,10008,13,10010,30,,,10000.0,0.0
1081,-2,54000,TOMATOES,4994,6,4993,18,,,5007,6,5009,18,,,5000.5,0.0
1082,-2,54100,TOMATOES,4993,8,4992,21,,,5007,8,5008,21,,,5000.0,0.0
1083,-2,54100,EMERALDS,9992,15,9990,26,,,10008,15,10010,26,,,10000.0,0.0
1084,-2,54200,TOMATOES,4993,6,4992,21,,,5007,6,5008,21,,,5000.0,0.0
1085,-2,54200,EMERALDS,9992,12,9990,28,,,10008,12,10010,28,,,10000.0,0.0
1086,-2,54300,EMERALDS,9992,14,9990,22,,,10008,14,10010,22,,,10000.0,0.0
1087,-2,54300,TOMATOES,4994,7,4992,15,,,5007,7,5008,15,,,5000.5,0.0
1088,-2,54400,EMERALDS,9992,11,9990,29,,,10008,11,10010,29,,,10000.0,0.0
1089,-2,54400,TOMATOES,4993,5,4992,23,,,5006,5,5008,23,,,4999.5,0.0
1090,-2,54500,TOMATOES,4994,10,4992,18,,,5007,10,5008,18,,,5000.5,0.0
1091,-2,54500,EMERALDS,9992,15,9990,22,,,10008,15,10010,22,,,10000.0,0.0
1092,-2,54600,TOMATOES,4993,6,4992,24,,,5007,6,5008,24,,,5000.0,0.0
1093,-2,54600,EMERALDS,9992,15,9990,24,,,10008,15,10010,24,,,10000.0,0.0
1094,-2,54700,EMERALDS,9992,11,9990,24,,,10008,11,10010,24,,,10000.0,0.0
1095,-2,54700,TOMATOES,4993,10,4991,22,,,5006,10,5007,22,,,4999.5,0.0
1096,-2,54800,EMERALDS,9992,14,9990,29,,,10008,14,10010,29,,,10000.0,0.0
1097,-2,54800,TOMATOES,4993,5,4992,16,,,5007,5,5008,16,,,5000.0,0.0
1098,-2,54900,TOMATOES,4993,10,4992,23,,,5007,10,5008,23,,,5000.0,0.0
1099,-2,54900,EMERALDS,9992,13,9990,24,,,10008,13,10010,24,,,10000.0,0.0
1100,-2,55000,TOMATOES,4994,10,4992,25,,,5001,3,5007,10,5009,25,4997.5,0.0
1101,-2,55000,EMERALDS,9992,11,9990,23,,,10008,11,10010,23,,,10000.0,0.0
1102,-2,55100,EMERALDS,9992,15,9990,21,,,10008,15,10010,21,,,10000.0,0.0
1103,-2,55100,TOMATOES,4993,6,4992,23,,,5007,6,5008,23,,,5000.0,0.0
1104,-2,55200,EMERALDS,9992,12,9990,20,,,10008,12,10010,20,,,10000.0,0.0
1105,-2,55200,TOMATOES,4994,10,4992,22,,,5007,10,5008,22,,,5000.5,0.0
1106,-2,55300,TOMATOES,4993,8,4992,17,,,5007,8,5008,17,,,5000.0,0.0
1107,-2,55300,EMERALDS,9992,10,9990,29,,,10008,10,10010,29,,,10000.0,0.0
1108,-2,55400,TOMATOES,4993,8,4992,20,,,5007,8,5008,20,,,5000.0,0.0
1109,-2,55400,EMERALDS,9992,15,9990,27,,,10008,15,10010,27,,,10000.0,0.0
1110,-2,55500,EMERALDS,9992,12,9990,29,,,10008,12,10010,29,,,10000.0,0.0
1111,-2,55500,TOMATOES,4993,7,4991,17,,,5006,7,5007,17,,,4999.5,0.0
1112,-2,55600,EMERALDS,9992,13,9990,29,,,10008,13,10010,29,,,10000.0,0.0
1113,-2,55600,TOMATOES,4993,10,4992,22,,,5007,10,5008,22,,,5000.0,0.0
1114,-2,55700,TOMATOES,4993,8,4992,16,,,5007,8,5008,16,,,5000.0,0.0
1115,-2,55700,EMERALDS,9992,10,9990,21,,,10008,10,10010,21,,,10000.0,0.0
1116,-2,55800,TOMATOES,4993,8,4992,19,,,5006,8,5008,19,,,4999.5,0.0
1117,-2,55800,EMERALDS,9992,15,9990,20,,,10008,15,10010,20,,,10000.0,0.0
1118,-2,55900,EMERALDS,9992,14,9990,26,,,10008,14,10010,26,,,10000.0,0.0
1119,-2,55900,TOMATOES,4993,8,4992,20,,,5007,8,5008,20,,,5000.0,0.0
1120,-2,56000,EMERALDS,9992,15,9990,29,,,10008,15,10010,29,,,10000.0,0.0
1121,-2,56000,TOMATOES,4994,8,4992,19,,,5007,8,5008,19,,,5000.5,0.0
1122,-2,56100,TOMATOES,4994,5,4993,15,,,5007,5,5009,15,,,5000.5,0.0
1123,-2,56100,EMERALDS,9992,15,9990,22,,,10008,15,10010,22,,,10000.0,0.0
1124,-2,56200,TOMATOES,4994,9,4993,25,,,5008,9,5009,25,,,5001.0,0.0
1125,-2,56200,EMERALDS,9992,12,9990,23,,,10008,12,10010,23,,,10000.0,0.0
1126,-2,56300,EMERALDS,9992,11,9990,29,,,10008,11,10010,29,,,10000.0,0.0
1127,-2,56300,TOMATOES,4995,9,4994,22,,,5009,9,5010,22,,,5002.0,0.0
1128,-2,56400,EMERALDS,9992,12,9990,24,,,10008,12,10010,24,,,10000.0,0.0
1129,-2,56400,TOMATOES,4994,5,4993,20,,,5008,5,5009,20,,,5001.0,0.0
1130,-2,56500,TOMATOES,4994,10,4993,19,,,5008,10,5009,19,,,5001.0,0.0
1131,-2,56500,EMERALDS,9992,10,9990,20,,,10008,10,10010,20,,,10000.0,0.0
1132,-2,56600,TOMATOES,4994,9,4993,20,,,5008,9,5009,20,,,5001.0,0.0
1133,-2,56600,EMERALDS,9992,11,9990,26,,,10008,11,10010,26,,,10000.0,0.0
1134,-2,56700,EMERALDS,9992,13,9990,20,,,10008,13,10010,20,,,10000.0,0.0
1135,-2,56700,TOMATOES,4994,7,4993,19,,,5007,7,5009,19,,,5000.5,0.0
1136,-2,56800,EMERALDS,9992,13,9990,23,,,10008,13,10010,23,,,10000.0,0.0
1137,-2,56800,TOMATOES,4995,5,4994,24,,,5008,5,5010,24,,,5001.5,0.0
1138,-2,56900,TOMATOES,4995,9,4994,19,,,5008,9,5010,19,,,5001.5,0.0
1139,-2,56900,EMERALDS,9992,12,9990,20,,,10008,12,10010,20,,,10000.0,0.0
1140,-2,57000,TOMATOES,4995,8,4993,16,,,5008,8,5009,16,,,5001.5,0.0
1141,-2,57000,EMERALDS,9992,15,9990,30,,,10008,15,10010,30,,,10000.0,0.0
1142,-2,57100,EMERALDS,9992,14,9990,24,,,10008,14,10010,24,,,10000.0,0.0
1143,-2,57100,TOMATOES,4995,9,4994,25,,,5009,9,5010,25,,,5002.0,0.0
1144,-2,57200,EMERALDS,9992,10,9990,24,,,10008,10,10010,24,,,10000.0,0.0
1145,-2,57200,TOMATOES,4996,9,4995,23,,,5010,9,5011,23,,,5003.0,0.0
1146,-2,57300,TOMATOES,4995,6,4994,17,,,5009,6,5010,17,,,5002.0,0.0
1147,-2,57300,EMERALDS,9992,12,9990,21,,,10008,12,10010,21,,,10000.0,0.0
1148,-2,57400,EMERALDS,9992,15,9990,23,,,10008,15,10010,23,,,10000.0,0.0
1149,-2,57400,TOMATOES,4995,5,4994,24,,,5009,5,5010,24,,,5002.0,0.0
1150,-2,57500,TOMATOES,4995,10,4994,15,,,5008,10,5010,15,,,5001.5,0.0
1151,-2,57500,EMERALDS,9992,13,9990,23,,,10008,13,10010,23,,,10000.0,0.0
1152,-2,57600,EMERALDS,9992,13,9990,30,,,10008,13,10010,30,,,10000.0,0.0
1153,-2,57600,TOMATOES,4994,9,4993,18,,,5008,9,5009,18,,,5001.0,0.0
1154,-2,57700,TOMATOES,4995,9,4994,17,,,5008,9,5010,17,,,5001.5,0.0
1155,-2,57700,EMERALDS,9992,14,9990,25,,,10008,14,10010,25,,,10000.0,0.0
1156,-2,57800,EMERALDS,9992,15,9990,29,,,10008,15,10010,29,,,10000.0,0.0
1157,-2,57800,TOMATOES,4994,10,4993,22,,,5008,10,5009,22,,,5001.0,0.0
1158,-2,57900,TOMATOES,4994,8,4993,21,,,5008,8,5009,21,,,5001.0,0.0
1159,-2,57900,EMERALDS,9992,15,9990,28,,,10008,15,10010,28,,,10000.0,0.0
1160,-2,58000,EMERALDS,9992,10,9990,22,,,10008,10,10010,22,,,10000.0,0.0
1161,-2,58000,TOMATOES,4999,3,4994,7,4993,15,5008,7,5009,15,,,5003.5,0.0
1162,-2,58100,TOMATOES,4994,5,4993,22,,,5008,5,5009,22,,,5001.0,0.0
1163,-2,58100,EMERALDS,9992,11,9990,27,,,10008,11,10010,27,,,10000.0,0.0
1164,-2,58200,EMERALDS,9992,12,9990,25,,,10008,12,10010,25,,,10000.0,0.0
1165,-2,58200,TOMATOES,4994,7,4993,22,,,5008,7,5009,22,,,5001.0,0.0
1166,-2,58300,TOMATOES,4995,9,4994,19,,,5008,9,5010,19,,,5001.5,0.0
1167,-2,58300,EMERALDS,9992,10,9990,22,,,10008,10,10010,22,,,10000.0,0.0
1168,-2,58400,EMERALDS,9992,14,9990,28,,,10008,14,10010,28,,,10000.0,0.0
1169,-2,58400,TOMATOES,4996,5,4994,15,,,5009,5,5010,15,,,5002.5,0.0
1170,-2,58500,TOMATOES,4996,7,4995,24,,,5010,7,5011,24,,,5003.0,0.0
1171,-2,58500,EMERALDS,9992,12,9990,21,,,10008,12,10010,21,,,10000.0,0.0
1172,-2,58600,EMERALDS,9992,11,9990,29,,,10008,11,10010,29,,,10000.0,0.0
1173,-2,58600,TOMATOES,4997,9,4995,16,,,5010,9,5011,16,,,5003.5,0.0
1174,-2,58700,TOMATOES,4997,7,4995,15,,,5010,7,5011,15,,,5003.5,0.0
1175,-2,58700,EMERALDS,9992,15,9990,28,,,10008,15,10010,28,,,10000.0,0.0
1176,-2,58800,EMERALDS,9992,14,9990,21,,,10008,14,10010,21,,,10000.0,0.0
1177,-2,58800,TOMATOES,4997,8,4995,19,,,5010,8,5011,19,,,5003.5,0.0
1178,-2,58900,TOMATOES,4997,10,4996,15,,,5010,10,5012,15,,,5003.5,0.0
1179,-2,58900,EMERALDS,9992,11,9990,25,,,10008,11,10010,25,,,10000.0,0.0
1180,-2,59000,EMERALDS,9992,15,9990,22,,,10008,15,10010,22,,,10000.0,0.0
1181,-2,59000,TOMATOES,4997,8,4996,17,,,5010,8,5012,17,,,5003.5,0.0
1182,-2,59100,TOMATOES,4997,5,4996,22,,,5010,5,5012,22,,,5003.5,0.0
1183,-2,59100,EMERALDS,9992,12,9990,26,,,10008,12,10010,26,,,10000.0,0.0
1184,-2,59200,EMERALDS,9992,10,9990,24,,,10008,10,10010,24,,,10000.0,0.0
1185,-2,59200,TOMATOES,4997,5,4996,18,,,5010,5,5012,18,,,5003.5,0.0
1186,-2,59300,TOMATOES,4997,6,4996,19,,,5011,6,5012,19,,,5004.0,0.0
1187,-2,59300,EMERALDS,9992,14,9990,23,,,10008,14,10010,23,,,10000.0,0.0
1188,-2,59400,EMERALDS,9992,11,9990,27,,,10008,11,10010,27,,,10000.0,0.0
1189,-2,59400,TOMATOES,4997,10,4996,25,,,5011,10,5012,25,,,5004.0,0.0
1190,-2,59500,TOMATOES,4996,6,4995,24,,,5010,6,5011,24,,,5003.0,0.0
1191,-2,59500,EMERALDS,9992,14,9990,26,,,10008,14,10010,26,,,10000.0,0.0
1192,-2,59600,TOMATOES,4997,9,4996,21,,,5011,9,5012,21,,,5004.0,0.0
1193,-2,59600,EMERALDS,9992,15,9990,27,,,10008,15,10010,27,,,10000.0,0.0
1194,-2,59700,EMERALDS,9992,15,9990,20,,,10008,15,10010,20,,,10000.0,0.0
1195,-2,59700,TOMATOES,4998,6,4996,16,,,5011,6,5012,16,,,5004.5,0.0
1196,-2,59800,EMERALDS,9992,12,9990,22,,,10008,12,10010,22,,,10000.0,0.0
1197,-2,59800,TOMATOES,4998,6,4997,21,,,5005,5,5011,6,5013,21,5001.5,0.0
1198,-2,59900,TOMATOES,4998,6,4997,22,,,5012,6,5013,22,,,5005.0,0.0
1199,-2,59900,EMERALDS,9992,12,9990,22,,,10008,12,10010,22,,,10000.0,0.0
1200,-2,60000,TOMATOES,4998,5,4997,21,,,5011,5,5013,21,,,5004.5,0.0
1201,-2,60000,EMERALDS,9992,13,9990,26,,,10008,13,10010,26,,,10000.0,0.0
1202,-2,60100,EMERALDS,9992,14,9990,23,,,10008,14,10010,23,,,10000.0,0.0
1203,-2,60100,TOMATOES,4999,5,4998,20,,,5012,5,5014,20,,,5005.5,0.0
1204,-2,60200,EMERALDS,9992,15,9990,23,,,10008,15,10010,23,,,10000.0,0.0
1205,-2,60200,TOMATOES,4999,7,4997,19,,,5012,7,5013,19,,,5005.5,0.0
1206,-2,60300,TOMATOES,4999,6,4998,25,,,5012,6,5014,25,,,5005.5,0.0
1207,-2,60300,EMERALDS,9992,12,9990,26,,,10008,12,10010,26,,,10000.0,0.0
1208,-2,60400,TOMATOES,4999,6,4998,23,,,5013,6,5014,23,,,5006.0,0.0
1209,-2,60400,EMERALDS,9992,13,9990,20,,,10008,13,10010,20,,,10000.0,0.0
1210,-2,60500,EMERALDS,9992,10,9990,29,,,10008,10,10010,29,,,10000.0,0.0
1211,-2,60500,TOMATOES,4998,9,4997,19,,,5012,9,5013,19,,,5005.0,0.0
1212,-2,60600,EMERALDS,9992,11,9990,26,,,10008,11,10010,26,,,10000.0,0.0
1213,-2,60600,TOMATOES,4998,6,4997,25,,,5011,6,5013,25,,,5004.5,0.0
1214,-2,60700,TOMATOES,4997,7,4996,17,,,5010,7,5012,17,,,5003.5,0.0
1215,-2,60700,EMERALDS,9992,13,9990,26,,,10008,13,10010,26,,,10000.0,0.0
1216,-2,60800,TOMATOES,4997,9,4995,25,,,5010,9,5011,25,,,5003.5,0.0
1217,-2,60800,EMERALDS,9992,14,9990,20,,,10008,14,10010,20,,,10000.0,0.0
1218,-2,60900,EMERALDS,9992,11,9990,21,,,10008,11,10010,21,,,10000.0,0.0
1219,-2,60900,TOMATOES,4997,5,4996,15,,,5011,5,5012,15,,,5004.0,0.0
1220,-2,61000,EMERALDS,9992,15,9990,22,,,10008,15,10010,22,,,10000.0,0.0
1221,-2,61000,TOMATOES,4999,9,4997,19,,,5012,9,5013,19,,,5005.5,0.0
1222,-2,61100,TOMATOES,4999,7,4997,16,,,5012,7,5013,16,,,5005.5,0.0
1223,-2,61100,EMERALDS,9992,10,9990,29,,,10008,10,10010,29,,,10000.0,0.0
1224,-2,61200,TOMATOES,4999,5,4998,23,,,5012,5,5014,23,,,5005.5,0.0
1225,-2,61200,EMERALDS,9992,10,9990,29,,,10008,10,10010,29,,,10000.0,0.0
1226,-2,61300,EMERALDS,9992,11,9990,25,,,10008,11,10010,25,,,10000.0,0.0
1227,-2,61300,TOMATOES,4999,7,4997,20,,,5012,7,5014,20,,,5005.5,0.0
1228,-2,61400,EMERALDS,9992,13,9990,29,,,10008,13,10010,29,,,10000.0,0.0
1229,-2,61400,TOMATOES,4998,8,4997,15,,,5011,8,5013,15,,,5004.5,0.0
1230,-2,61500,TOMATOES,4999,9,4998,16,,,5012,9,5014,16,,,5005.5,0.0
1231,-2,61500,EMERALDS,9992,15,9990,21,,,10008,15,10010,21,,,10000.0,0.0
1232,-2,61600,TOMATOES,4999,8,4997,20,,,5012,8,5013,20,,,5005.5,0.0
1233,-2,61600,EMERALDS,9992,14,9990,27,,,10008,14,10010,27,,,10000.0,0.0
1234,-2,61700,EMERALDS,9992,15,9990,30,,,10008,15,10010,30,,,10000.0,0.0
1235,-2,61700,TOMATOES,4999,9,4997,23,,,5012,9,5013,23,,,5005.5,0.0
1236,-2,61800,EMERALDS,9992,10,9990,25,,,10008,10,10010,25,,,10000.0,0.0
1237,-2,61800,TOMATOES,4998,6,4997,15,,,5012,6,5013,15,,,5005.0,0.0
1238,-2,61900,TOMATOES,4999,8,4997,15,,,5012,8,5013,15,,,5005.5,0.0
1239,-2,61900,EMERALDS,9992,14,9990,20,,,10008,14,10010,20,,,10000.0,0.0
1240,-2,62000,TOMATOES,4998,6,4997,25,,,5012,6,5013,25,,,5005.0,0.0
1241,-2,62000,EMERALDS,9992,11,9990,20,,,10008,11,10010,20,,,10000.0,0.0
1242,-2,62100,EMERALDS,9992,10,9990,22,,,10008,10,10010,22,,,10000.0,0.0
1243,-2,62100,TOMATOES,4998,10,4997,21,,,5012,10,5013,21,,,5005.0,0.0
1244,-2,62200,EMERALDS,9992,15,9990,27,,,10008,15,10010,27,,,10000.0,0.0
1245,-2,62200,TOMATOES,4999,8,4997,25,,,5012,8,5013,25,,,5005.5,0.0
1246,-2,62300,TOMATOES,4999,9,4998,19,,,5013,9,5014,19,,,5006.0,0.0
1247,-2,62300,EMERALDS,9992,11,9990,24,,,10008,11,10010,24,,,10000.0,0.0
1248,-2,62400,TOMATOES,4999,10,4998,20,,,5013,10,5014,20,,,5006.0,0.0
1249,-2,62400,EMERALDS,9992,13,9990,24,,,10008,13,10010,24,,,10000.0,0.0
1250,-2,62500,EMERALDS,9992,12,9990,26,,,10008,12,10010,26,,,10000.0,0.0
1251,-2,62500,TOMATOES,4999,7,4998,18,,,5013,7,5014,18,,,5006.0,0.0
1252,-2,62600,EMERALDS,9992,15,9990,27,,,10008,15,10010,27,,,10000.0,0.0
1253,-2,62600,TOMATOES,5000,9,4999,16,,,5013,9,5015,16,,,5006.5,0.0
1254,-2,62700,TOMATOES,4999,10,4998,17,,,5013,10,5014,17,,,5006.0,0.0
1255,-2,62700,EMERALDS,9992,12,9990,23,,,10008,12,10010,23,,,10000.0,0.0
1256,-2,62800,TOMATOES,4999,8,4998,23,,,5013,8,5014,23,,,5006.0,0.0
1257,-2,62800,EMERALDS,9992,11,9990,22,,,10008,11,10010,22,,,10000.0,0.0
1258,-2,62900,EMERALDS,9992,11,9990,28,,,10008,11,10010,28,,,10000.0,0.0
1259,-2,62900,TOMATOES,4999,9,4998,16,,,5013,9,5014,16,,,5006.0,0.0
1260,-2,63000,EMERALDS,9992,15,9990,22,,,10008,15,10010,22,,,10000.0,0.0
1261,-2,63000,TOMATOES,5000,7,4998,23,,,5007,6,5013,7,5014,23,5003.5,0.0
1262,-2,63100,TOMATOES,5000,9,4999,17,,,5014,9,5015,17,,,5007.0,0.0
1263,-2,63100,EMERALDS,9992,13,9990,24,,,10008,13,10010,24,,,10000.0,0.0
1264,-2,63200,TOMATOES,5001,6,4999,25,,,5014,6,5015,25,,,5007.5,0.0
1265,-2,63200,EMERALDS,9992,14,9990,26,,,10008,14,10010,26,,,10000.0,0.0
1266,-2,63300,EMERALDS,9992,15,9990,23,,,10008,15,10010,23,,,10000.0,0.0
1267,-2,63300,TOMATOES,5001,8,4999,17,,,5014,8,5015,17,,,5007.5,0.0
1268,-2,63400,EMERALDS,9992,12,9990,21,,,10008,12,10010,21,,,10000.0,0.0
1269,-2,63400,TOMATOES,5001,7,5000,25,,,5015,7,5016,25,,,5008.0,0.0
1270,-2,63500,TOMATOES,5001,5,5000,24,,,5014,5,5016,24,,,5007.5,0.0
1271,-2,63500,EMERALDS,9992,12,9990,22,,,10008,12,10010,22,,,10000.0,0.0
1272,-2,63600,TOMATOES,5002,7,5000,19,,,5015,7,5016,19,,,5008.5,0.0
1273,-2,63600,EMERALDS,9992,13,9990,20,,,10008,13,10010,20,,,10000.0,0.0
1274,-2,63700,EMERALDS,9992,11,9990,30,,,10008,11,10010,30,,,10000.0,0.0
1275,-2,63700,TOMATOES,5002,9,5001,18,,,5015,9,5017,18,,,5008.5,0.0
1276,-2,63800,EMERALDS,9992,13,9990,20,,,10008,13,10010,20,,,10000.0,0.0
1277,-2,63800,TOMATOES,5003,6,5002,19,,,5016,6,5018,19,,,5009.5,0.0
1278,-2,63900,TOMATOES,5003,9,5002,19,,,5017,9,5018,19,,,5010.0,0.0
1279,-2,63900,EMERALDS,9992,14,9990,25,,,10008,14,10010,25,,,10000.0,0.0
1280,-2,64000,TOMATOES,5003,8,5002,19,,,5017,8,5018,19,,,5010.0,0.0
1281,-2,64000,EMERALDS,9992,14,9990,28,,,10008,14,10010,28,,,10000.0,0.0
1282,-2,64100,EMERALDS,9992,10,9990,30,,,10008,10,10010,30,,,10000.0,0.0
1283,-2,64100,TOMATOES,5004,8,5002,19,,,5017,8,5018,19,,,5010.5,0.0
1284,-2,64200,EMERALDS,9992,14,9990,22,,,10008,14,10010,22,,,10000.0,0.0
1285,-2,64200,TOMATOES,5003,7,5002,17,,,5016,7,5018,17,,,5009.5,0.0
1286,-2,64300,TOMATOES,5003,7,5002,15,,,5016,7,5018,15,,,5009.5,0.0
1287,-2,64300,EMERALDS,9992,10,9990,28,,,10008,10,10010,28,,,10000.0,0.0
1288,-2,64400,TOMATOES,5003,5,5002,16,,,5016,5,5018,16,,,5009.5,0.0
1289,-2,64400,EMERALDS,9992,14,9990,24,,,10008,14,10010,24,,,10000.0,0.0
1290,-2,64500,EMERALDS,10000,9,9992,11,9990,26,10008,11,10010,26,,,10004.0,0.0
1291,-2,64500,TOMATOES,5003,6,5002,16,,,5017,6,5018,16,,,5010.0,0.0
1292,-2,64600,EMERALDS,9992,14,9990,23,,,10008,14,10010,23,,,10000.0,0.0
1293,-2,64600,TOMATOES,5003,9,5002,25,,,5017,9,5018,25,,,5010.0,0.0
1294,-2,64700,TOMATOES,5003,9,5002,24,,,5017,9,5018,24,,,5010.0,0.0
1295,-2,64700,EMERALDS,9992,14,9990,28,,,10008,14,10010,28,,,10000.0,0.0
1296,-2,64800,TOMATOES,5004,7,5002,23,,,5017,7,5018,23,,,5010.5,0.0
1297,-2,64800,EMERALDS,9992,10,9990,25,,,10008,10,10010,25,,,10000.0,0.0
1298,-2,64900,EMERALDS,9992,10,9990,29,,,10000,8,10008,10,10010,29,9996.0,0.0
1299,-2,64900,TOMATOES,5004,10,5002,22,,,5017,10,5019,22,,,5010.5,0.0
1300,-2,65000,EMERALDS,9992,14,9990,21,,,10008,14,10010,21,,,10000.0,0.0
1301,-2,65000,TOMATOES,5003,7,5002,23,,,5017,7,5018,23,,,5010.0,0.0
1302,-2,65100,TOMATOES,5004,6,5003,19,,,5017,6,5019,19,,,5010.5,0.0
1303,-2,65100,EMERALDS,9992,15,9990,26,,,10008,15,10010,26,,,10000.0,0.0
1304,-2,65200,TOMATOES,5004,10,5003,21,,,5017,10,5019,21,,,5010.5,0.0
1305,-2,65200,EMERALDS,9992,12,9990,29,,,10008,12,10010,29,,,10000.0,0.0
1306,-2,65300,EMERALDS,9992,13,9990,22,,,10008,13,10010,22,,,10000.0,0.0
1307,-2,65300,TOMATOES,5009,5,5004,8,5003,23,5018,8,5019,23,,,5013.5,0.0
1308,-2,65400,EMERALDS,9992,10,9990,20,,,10008,10,10010,20,,,10000.0,0.0
1309,-2,65400,TOMATOES,5005,8,5003,20,,,5018,8,5020,20,,,5011.5,0.0
1310,-2,65500,TOMATOES,5005,8,5004,23,,,5018,8,5020,23,,,5011.5,0.0
1311,-2,65500,EMERALDS,9992,12,9990,21,,,10008,12,10010,21,,,10000.0,0.0
1312,-2,65600,TOMATOES,5005,10,5003,16,,,5018,10,5020,16,,,5011.5,0.0
1313,-2,65600,EMERALDS,9992,15,9990,30,,,10008,15,10010,30,,,10000.0,0.0
1314,-2,65700,EMERALDS,9992,12,9990,26,,,10008,12,10010,26,,,10000.0,0.0
1315,-2,65700,TOMATOES,5005,6,5004,24,,,5018,6,5020,24,,,5011.5,0.0
1316,-2,65800,EMERALDS,9992,14,9990,28,,,10008,14,10010,28,,,10000.0,0.0
1317,-2,65800,TOMATOES,5005,8,5004,21,,,5019,8,5020,21,,,5012.0,0.0
1318,-2,65900,TOMATOES,5006,5,5005,18,,,5019,5,5021,18,,,5012.5,0.0
1319,-2,65900,EMERALDS,9992,11,9990,25,,,10008,11,10010,25,,,10000.0,0.0
1320,-2,66000,TOMATOES,5006,7,5004,24,,,5019,7,5020,24,,,5012.5,0.0
1321,-2,66000,EMERALDS,9992,15,9990,27,,,10008,15,10010,27,,,10000.0,0.0
1322,-2,66100,TOMATOES,5005,5,5004,19,,,5018,5,5020,19,,,5011.5,0.0
1323,-2,66100,EMERALDS,9992,14,9990,24,,,10008,14,10010,24,,,10000.0,0.0
1324,-2,66200,EMERALDS,9992,10,9990,24,,,10008,10,10010,24,,,10000.0,0.0
1325,-2,66200,TOMATOES,5006,8,5004,20,,,5019,8,5021,20,,,5012.5,0.0
1326,-2,66300,TOMATOES,5006,7,5005,20,,,5020,7,5021,20,,,5013.0,0.0
1327,-2,66300,EMERALDS,9992,12,9990,26,,,10008,12,10010,26,,,10000.0,0.0
1328,-2,66400,EMERALDS,9992,11,9990,25,,,10008,11,10010,25,,,10000.0,0.0
1329,-2,66400,TOMATOES,5006,5,5005,15,,,5020,5,5021,15,,,5013.0,0.0
1330,-2,66500,TOMATOES,5006,7,5004,23,,,5019,7,5020,23,,,5012.5,0.0
1331,-2,66500,EMERALDS,9992,12,9990,24,,,10008,12,10010,24,,,10000.0,0.0
1332,-2,66600,EMERALDS,9992,12,9990,30,,,10008,12,10010,30,,,10000.0,0.0
1333,-2,66600,TOMATOES,5006,9,5004,15,,,5019,9,5020,15,,,5012.5,0.0
1334,-2,66700,TOMATOES,5006,7,5005,23,,,5019,7,5021,23,,,5012.5,0.0
1335,-2,66700,EMERALDS,9992,14,9990,21,,,10008,14,10010,21,,,10000.0,0.0
1336,-2,66800,EMERALDS,9992,15,9990,28,,,10008,15,10010,28,,,10000.0,0.0
1337,-2,66800,TOMATOES,5006,6,5005,19,,,5019,6,5021,19,,,5012.5,0.0
1338,-2,66900,TOMATOES,5006,9,5004,19,,,5013,4,5019,9,5020,19,5009.5,0.0
1339,-2,66900,EMERALDS,9992,13,9990,29,,,10008,13,10010,29,,,10000.0,0.0
1340,-2,67000,EMERALDS,9992,12,9990,21,,,10008,12,10010,21,,,10000.0,0.0
1341,-2,67000,TOMATOES,5006,5,5005,20,,,5020,5,5021,20,,,5013.0,0.0
1342,-2,67100,TOMATOES,5006,5,5005,24,,,5020,5,5021,24,,,5013.0,0.0
1343,-2,67100,EMERALDS,9992,12,9990,29,,,10008,12,10010,29,,,10000.0,0.0
1344,-2,67200,EMERALDS,9992,12,9990,23,,,10008,12,10010,23,,,10000.0,0.0
1345,-2,67200,TOMATOES,5006,8,5005,21,,,5020,8,5021,21,,,5013.0,0.0
1346,-2,67300,TOMATOES,5006,9,5005,25,,,5019,9,5021,25,,,5012.5,0.0
1347,-2,67300,EMERALDS,9992,10,9990,26,,,10008,10,10010,26,,,10000.0,0.0
1348,-2,67400,EMERALDS,9992,12,9990,26,,,10008,12,10010,26,,,10000.0,0.0
1349,-2,67400,TOMATOES,5006,5,5004,20,,,5019,5,5020,20,,,5012.5,0.0
1350,-2,67500,TOMATOES,5006,6,5005,17,,,5019,6,5021,17,,,5012.5,0.0
1351,-2,67500,EMERALDS,9992,12,9990,27,,,10000,5,10008,12,10010,27,9996.0,0.0
1352,-2,67600,EMERALDS,9992,12,9990,30,,,10008,12,10010,30,,,10000.0,0.0
1353,-2,67600,TOMATOES,5007,5,5005,15,,,5020,5,5021,15,,,5013.5,0.0
1354,-2,67700,TOMATOES,5006,10,5005,22,,,5019,10,5021,22,,,5012.5,0.0
1355,-2,67700,EMERALDS,9992,15,9990,29,,,10008,15,10010,29,,,10000.0,0.0
1356,-2,67800,EMERALDS,9992,11,9990,21,,,10008,11,10010,21,,,10000.0,0.0
1357,-2,67800,TOMATOES,5006,10,5005,17,,,5020,10,5021,17,,,5013.0,0.0
1358,-2,67900,TOMATOES,5006,5,5005,20,,,5020,5,5021,20,,,5013.0,0.0
1359,-2,67900,EMERALDS,9992,11,9990,30,,,10008,11,10010,30,,,10000.0,0.0
1360,-2,68000,EMERALDS,9992,15,9990,25,,,10008,15,10010,25,,,10000.0,0.0
1361,-2,68000,TOMATOES,5007,7,5005,23,,,5020,7,5022,23,,,5013.5,0.0
1362,-2,68100,TOMATOES,5007,6,5006,17,,,5020,6,5022,17,,,5013.5,0.0
1363,-2,68100,EMERALDS,9992,10,9990,28,,,10008,10,10010,28,,,10000.0,0.0
1364,-2,68200,EMERALDS,9992,10,9990,20,,,10008,10,10010,20,,,10000.0,0.0
1365,-2,68200,TOMATOES,5007,6,5006,22,,,5021,6,5022,22,,,5014.0,0.0
1366,-2,68300,EMERALDS,9992,11,9990,20,,,10008,11,10010,20,,,10000.0,0.0
1367,-2,68300,TOMATOES,5008,8,5006,16,,,5021,8,5022,16,,,5014.5,0.0
1368,-2,68400,EMERALDS,9992,12,9990,25,,,10008,12,10010,25,,,10000.0,0.0
1369,-2,68400,TOMATOES,5007,10,5006,23,,,5021,10,5022,23,,,5014.0,0.0
1370,-2,68500,TOMATOES,5007,8,5006,25,,,5021,8,5022,25,,,5014.0,0.0
1371,-2,68500,EMERALDS,9992,15,9990,23,,,10008,15,10010,23,,,10000.0,0.0
1372,-2,68600,TOMATOES,5006,8,5005,25,,,5020,8,5021,25,,,5013.0,0.0
1373,-2,68600,EMERALDS,9992,15,9990,25,,,10008,15,10010,25,,,10000.0,0.0
1374,-2,68700,EMERALDS,9992,10,9990,25,,,10008,10,10010,25,,,10000.0,0.0
1375,-2,68700,TOMATOES,5007,9,5005,20,,,5020,9,5021,20,,,5013.5,0.0
1376,-2,68800,EMERALDS,9992,15,9990,26,,,10008,15,10010,26,,,10000.0,0.0
1377,-2,68800,TOMATOES,5006,8,5004,17,,,5019,8,5021,17,,,5012.5,0.0
1378,-2,68900,TOMATOES,5005,10,5004,15,,,5019,10,5020,15,,,5012.0,0.0
1379,-2,68900,EMERALDS,9992,15,9990,25,,,10008,15,10010,25,,,10000.0,0.0
1380,-2,69000,TOMATOES,5005,7,5004,17,,,5019,7,5020,17,,,5012.0,0.0
1381,-2,69000,EMERALDS,9992,12,9990,21,,,10008,12,10010,21,,,10000.0,0.0
1382,-2,69100,EMERALDS,9992,12,9990,25,,,10000,8,10008,12,10010,25,9996.0,0.0
1383,-2,69100,TOMATOES,5005,7,5004,21,,,5018,7,5020,21,,,5011.5,0.0
1384,-2,69200,EMERALDS,9992,12,9990,24,,,10008,12,10010,24,,,10000.0,0.0
1385,-2,69200,TOMATOES,5004,7,5003,20,,,5018,7,5019,20,,,5011.0,0.0
1386,-2,69300,TOMATOES,5005,7,5004,23,,,5019,7,5020,23,,,5012.0,0.0
1387,-2,69300,EMERALDS,9992,10,9990,28,,,10008,10,10010,28,,,10000.0,0.0
1388,-2,69400,TOMATOES,5005,10,5003,22,,,5018,10,5019,22,,,5011.5,0.0
1389,-2,69400,EMERALDS,9992,15,9990,20,,,10008,15,10010,20,,,10000.0,0.0
1390,-2,69500,EMERALDS,9992,11,9990,20,,,10008,11,10010,20,,,10000.0,0.0
1391,-2,69500,TOMATOES,5004,5,5003,21,,,5018,5,5019,21,,,5011.0,0.0
1392,-2,69600,EMERALDS,9992,15,9990,21,,,10008,15,10010,21,,,10000.0,0.0
1393,-2,69600,TOMATOES,5004,9,5003,15,,,5018,9,5019,15,,,5011.0,0.0
1394,-2,69700,TOMATOES,5005,10,5004,17,,,5018,10,5020,17,,,5011.5,0.0
1395,-2,69700,EMERALDS,9992,15,9990,21,,,10008,15,10010,21,,,10000.0,0.0
1396,-2,69800,TOMATOES,5005,9,5004,25,,,5018,9,5020,25,,,5011.5,0.0
1397,-2,69800,EMERALDS,9992,14,9990,26,,,10008,14,10010,26,,,10000.0,0.0
1398,-2,69900,EMERALDS,9992,12,9990,29,,,10008,12,10010,29,,,10000.0,0.0
1399,-2,69900,TOMATOES,5005,5,5004,19,,,5019,5,5020,19,,,5012.0,0.0
1400,-2,70000,EMERALDS,9992,12,9990,26,,,10008,12,10010,26,,,10000.0,0.0
1401,-2,70000,TOMATOES,5013,10,5006,9,5005,15,5020,9,5021,15,,,5016.5,0.0
1402,-2,70100,TOMATOES,5006,5,5005,16,,,5020,5,5021,16,,,5013.0,0.0
1403,-2,70100,EMERALDS,9992,15,9990,22,,,10008,15,10010,22,,,10000.0,0.0
1404,-2,70200,TOMATOES,5006,8,5005,17,,,5019,8,5021,17,,,5012.5,0.0
1405,-2,70200,EMERALDS,9992,12,9990,29,,,10008,12,10010,29,,,10000.0,0.0
1406,-2,70300,EMERALDS,9992,10,9990,28,,,10000,9,10008,10,10010,28,9996.0,0.0
1407,-2,70300,TOMATOES,5006,5,5005,21,,,5020,5,5021,21,,,5013.0,0.0
1408,-2,70400,EMERALDS,9992,14,9990,24,,,10008,14,10010,24,,,10000.0,0.0
1409,-2,70400,TOMATOES,5006,6,5005,24,,,5019,6,5021,24,,,5012.5,0.0
1410,-2,70500,TOMATOES,5007,8,5005,25,,,5020,8,5021,25,,,5013.5,0.0
1411,-2,70500,EMERALDS,9992,11,9990,23,,,10008,11,10010,23,,,10000.0,0.0
1412,-2,70600,TOMATOES,5007,8,5006,17,,,5020,8,5022,17,,,5013.5,0.0
1413,-2,70600,EMERALDS,9992,14,9990,30,,,10008,14,10010,30,,,10000.0,0.0
1414,-2,70700,EMERALDS,9992,15,9990,22,,,10008,15,10010,22,,,10000.0,0.0
1415,-2,70700,TOMATOES,5007,10,5006,16,,,5020,10,5022,16,,,5013.5,0.0
1416,-2,70800,EMERALDS,9992,15,9990,28,,,10008,15,10010,28,,,10000.0,0.0
1417,-2,70800,TOMATOES,5007,9,5006,23,,,5021,9,5022,23,,,5014.0,0.0
1418,-2,70900,TOMATOES,5007,6,5006,21,,,5021,6,5022,21,,,5014.0,0.0
1419,-2,70900,EMERALDS,9992,11,9990,26,,,10008,11,10010,26,,,10000.0,0.0
1420,-2,71000,TOMATOES,5007,5,5006,18,,,5021,5,5022,18,,,5014.0,0.0
1421,-2,71000,EMERALDS,9992,13,9990,29,,,10008,13,10010,29,,,10000.0,0.0
1422,-2,71100,EMERALDS,9992,13,9990,25,,,10008,13,10010,25,,,10000.0,0.0
1423,-2,71100,TOMATOES,5007,10,5006,17,,,5021,10,5022,17,,,5014.0,0.0
1424,-2,71200,EMERALDS,9992,11,9990,26,,,10008,11,10010,26,,,10000.0,0.0
